
<marc:leader xmlns:marc="http://www.loc.gov/MARC21/slim">04589nab a2200649 u 4500</marc:leader>04589nab a2200649 u 4500
        <marc:controlfield xmlns:marc="http://www.loc.gov/MARC21/slim" tag="001">9915610355207426</marc:controlfield>9915610355207426
        <marc:controlfield xmlns:marc="http://www.loc.gov/MARC21/slim" tag="005">20221118220436.0</marc:controlfield>20221118220436.0
        <marc:controlfield xmlns:marc="http://www.loc.gov/MARC21/slim" tag="008">220619s2022 xx |||||o|||||||||||eng||</marc:controlfield>220619s2022 xx |||||o|||||||||||eng||
        <marc:datafield xmlns:marc="http://www.loc.gov/MARC21/slim"
                tag="016"
                ind1="7"
                ind2=" ">
   <marc:subfield code="a">IND607785982</marc:subfield>
   <marc:subfield code="2">DNAL</marc:subfield>
</marc:datafield>
<marc:subfield xmlns:marc="http://www.loc.gov/MARC21/slim" code="a">IND607785982</marc:subfield>IND607785982
            <marc:subfield xmlns:marc="http://www.loc.gov/MARC21/slim" code="2">DNAL</marc:subfield>DNAL
        <marc:datafield xmlns:marc="http://www.loc.gov/MARC21/slim"
                tag="024"
                ind1="7"
                ind2=" ">
   <marc:subfield code="a">10.1016/j.fecs.2022.100048</marc:subfield>
   <marc:subfield code="2">doi</marc:subfield>
</marc:datafield>
<marc:subfield xmlns:marc="http://www.loc.gov/MARC21/slim" code="a">10.1016/j.fecs.2022.100048</marc:subfield>10.1016/j.fecs.2022.100048
            <marc:subfield xmlns:marc="http://www.loc.gov/MARC21/slim" code="2">doi</marc:subfield>doi
        <marc:datafield xmlns:marc="http://www.loc.gov/MARC21/slim"
                tag="035"
                ind1=" "
                ind2=" ">
   <marc:subfield code="a">agid:7785982-01nal_inst</marc:subfield>
</marc:datafield>
<marc:subfield xmlns:marc="http://www.loc.gov/MARC21/slim" code="a">agid:7785982-01nal_inst</marc:subfield>agid:7785982-01nal_inst
        <marc:datafield xmlns:marc="http://www.loc.gov/MARC21/slim"
                tag="040"
                ind1=" "
                ind2=" ">
   <marc:subfield code="a">AGL</marc:subfield>
   <marc:subfield code="b">eng</marc:subfield>
   <marc:subfield code="c">AGL</marc:subfield>
</marc:datafield>
<marc:subfield xmlns:marc="http://www.loc.gov/MARC21/slim" code="a">AGL</marc:subfield>AGL
            <marc:subfield xmlns:marc="http://www.loc.gov/MARC21/slim" code="b">eng</marc:subfield>eng
            <marc:subfield xmlns:marc="http://www.loc.gov/MARC21/slim" code="c">AGL</marc:subfield>AGL
        <marc:datafield xmlns:marc="http://www.loc.gov/MARC21/slim"
                tag="100"
                ind1="1"
                ind2=" ">
   <marc:subfield code="a">Lian, Zhenghua</marc:subfield>
   <marc:subfield code="e">author</marc:subfield>
   <marc:subfield code="u">Research Center of Forest Management Engineering of State Forestry
                and Grassland Administration, Beijing Forestry University, Beijing, 100083,
                China</marc:subfield>
</marc:datafield>
<marc:subfield xmlns:marc="http://www.loc.gov/MARC21/slim" code="a">Lian, Zhenghua</marc:subfield>Lian, Zhenghua
            <marc:subfield xmlns:marc="http://www.loc.gov/MARC21/slim" code="e">author</marc:subfield>author
            <marc:subfield xmlns:marc="http://www.loc.gov/MARC21/slim" code="u">Research Center of Forest Management Engineering of State Forestry
                and Grassland Administration, Beijing Forestry University, Beijing, 100083,
                China</marc:subfield>Research Center of Forest Management Engineering of State Forestry
                and Grassland Administration, Beijing Forestry University, Beijing, 100083,
                China
        <marc:datafield xmlns:marc="http://www.loc.gov/MARC21/slim"
                tag="245"
                ind1="1"
                ind2="0">
   <marc:subfield code="a">Structure complexity is the primary driver of functional diversity in
                the temperate forests of northeastern China</marc:subfield>
</marc:datafield>
<marc:subfield xmlns:marc="http://www.loc.gov/MARC21/slim" code="a">Structure complexity is the primary driver of functional diversity in
                the temperate forests of northeastern China</marc:subfield>Structure complexity is the primary driver of functional diversity in
                the temperate forests of northeastern China
        <marc:datafield xmlns:marc="http://www.loc.gov/MARC21/slim"
                tag="506"
                ind1=" "
                ind2=" ">
   <marc:subfield code="a">Creative Commons Attribution 4.0 Generic (CC BY-NC-ND 4.0)</marc:subfield>
   <marc:subfield code="u">http://creativecommons.org/licenses/by-nc-nd/4.0/</marc:subfield>
   <marc:subfield code="f">Unrestricted online access</marc:subfield>
   <marc:subfield code="2">star</marc:subfield>
</marc:datafield>
<marc:subfield xmlns:marc="http://www.loc.gov/MARC21/slim" code="a">Creative Commons Attribution 4.0 Generic (CC BY-NC-ND 4.0)</marc:subfield>Creative Commons Attribution 4.0 Generic (CC BY-NC-ND 4.0)
            <marc:subfield xmlns:marc="http://www.loc.gov/MARC21/slim" code="u">http://creativecommons.org/licenses/by-nc-nd/4.0/</marc:subfield>http://creativecommons.org/licenses/by-nc-nd/4.0/
            <marc:subfield xmlns:marc="http://www.loc.gov/MARC21/slim" code="f">Unrestricted online access</marc:subfield>Unrestricted online access
            <marc:subfield xmlns:marc="http://www.loc.gov/MARC21/slim" code="2">star</marc:subfield>star
        <marc:datafield xmlns:marc="http://www.loc.gov/MARC21/slim"
                tag="506"
                ind1=" "
                ind2=" ">
   <marc:subfield code="a">Resource is Open Access</marc:subfield>
   <marc:subfield code="u">http://purl.org/eprint/accessRights/OpenAccess</marc:subfield>
   <marc:subfield code="f">Unrestricted online access</marc:subfield>
   <marc:subfield code="2">star</marc:subfield>
</marc:datafield>
<marc:subfield xmlns:marc="http://www.loc.gov/MARC21/slim" code="a">Resource is Open Access</marc:subfield>Resource is Open Access
            <marc:subfield xmlns:marc="http://www.loc.gov/MARC21/slim" code="u">http://purl.org/eprint/accessRights/OpenAccess</marc:subfield>http://purl.org/eprint/accessRights/OpenAccess
            <marc:subfield xmlns:marc="http://www.loc.gov/MARC21/slim" code="f">Unrestricted online access</marc:subfield>Unrestricted online access
            <marc:subfield xmlns:marc="http://www.loc.gov/MARC21/slim" code="2">star</marc:subfield>star
        <marc:datafield xmlns:marc="http://www.loc.gov/MARC21/slim"
                tag="520"
                ind1=" "
                ind2=" ">
   <marc:subfield code="a">Assessing functional diversity to identify its spatial patterns and
                drivers is an important step towards understanding the adaptive capacity of
                ecosystems to environmental change. However, until now, these mechanisms were poorly
                understood in the temperate forests of northeastern China, which prevented the
                development of new management methods aimed at increasing functional trait diversity
                and thus ecological resilience. In this study, we mapped functional diversity
                distributions using a Kriging Interpolation Method. A specific random forest model
                approach was adopted to test the importance ranking of 18 variables in explaining
                the spatial variation of functional diversity. Three piecewise structural equation
                models (pSEMs) with forest types as random effects were constructed for testing the
                direct effects of climate, and the indirect effects of stand structure on functional
                diversity across the large study region. Specific causal relationships in each
                forest type were also examined using 15 linear structural equation models. Although
                environmental filtering by climate is important, stand structure explains most of
                the functional variation of the forest ecosystems in northeastern China. Our study
                thus only partially supports the stress-dominance hypothesis. Several abundant
                species determine most of the functional diversity, which supports the mass ratio
                hypothesis. Our results suggest that forest management aimed at increasing
                structural complexity can contribute to increased functional diversity, especially
                regarding the mixing of coniferous and broad-leaved tree species.</marc:subfield>
</marc:datafield>
<marc:subfield xmlns:marc="http://www.loc.gov/MARC21/slim" code="a">Assessing functional diversity to identify its spatial patterns and
                drivers is an important step towards understanding the adaptive capacity of
                ecosystems to environmental change. However, until now, these mechanisms were poorly
                understood in the temperate forests of northeastern China, which prevented the
                development of new management methods aimed at increasing functional trait diversity
                and thus ecological resilience. In this study, we mapped functional diversity
                distributions using a Kriging Interpolation Method. A specific random forest model
                approach was adopted to test the importance ranking of 18 variables in explaining
                the spatial variation of functional diversity. Three piecewise structural equation
                models (pSEMs) with forest types as random effects were constructed for testing the
                direct effects of climate, and the indirect effects of stand structure on functional
                diversity across the large study region. Specific causal relationships in each
                forest type were also examined using 15 linear structural equation models. Although
                environmental filtering by climate is important, stand structure explains most of
                the functional variation of the forest ecosystems in northeastern China. Our study
                thus only partially supports the stress-dominance hypothesis. Several abundant
                species determine most of the functional diversity, which supports the mass ratio
                hypothesis. Our results suggest that forest management aimed at increasing
                structural complexity can contribute to increased functional diversity, especially
                regarding the mixing of coniferous and broad-leaved tree species.</marc:subfield>Assessing functional diversity to identify its spatial patterns and
                drivers is an important step towards understanding the adaptive capacity of
                ecosystems to environmental change. However, until now, these mechanisms were poorly
                understood in the temperate forests of northeastern China, which prevented the
                development of new management methods aimed at increasing functional trait diversity
                and thus ecological resilience. In this study, we mapped functional diversity
                distributions using a Kriging Interpolation Method. A specific random forest model
                approach was adopted to test the importance ranking of 18 variables in explaining
                the spatial variation of functional diversity. Three piecewise structural equation
                models (pSEMs) with forest types as random effects were constructed for testing the
                direct effects of climate, and the indirect effects of stand structure on functional
                diversity across the large study region. Specific causal relationships in each
                forest type were also examined using 15 linear structural equation models. Although
                environmental filtering by climate is important, stand structure explains most of
                the functional variation of the forest ecosystems in northeastern China. Our study
                thus only partially supports the stress-dominance hypothesis. Several abundant
                species determine most of the functional diversity, which supports the mass ratio
                hypothesis. Our results suggest that forest management aimed at increasing
                structural complexity can contribute to increased functional diversity, especially
                regarding the mixing of coniferous and broad-leaved tree species.
        <marc:datafield xmlns:marc="http://www.loc.gov/MARC21/slim"
                tag="592"
                ind1=" "
                ind2=" ">
   <marc:subfield code="a">Publisher supplied data</marc:subfield>
</marc:datafield>
<marc:subfield xmlns:marc="http://www.loc.gov/MARC21/slim" code="a">Publisher supplied data</marc:subfield>Publisher supplied data
        <marc:datafield xmlns:marc="http://www.loc.gov/MARC21/slim"
                tag="593"
                ind1=" "
                ind2=" ">
   <marc:subfield code="a">PubAg article</marc:subfield>
</marc:datafield>
<marc:subfield xmlns:marc="http://www.loc.gov/MARC21/slim" code="a">PubAg article</marc:subfield>PubAg article
        <marc:datafield xmlns:marc="http://www.loc.gov/MARC21/slim"
                tag="650"
                ind1=" "
                ind2="3">
   <marc:subfield code="a">algorithms</marc:subfield>
</marc:datafield>
<marc:subfield xmlns:marc="http://www.loc.gov/MARC21/slim" code="a">algorithms</marc:subfield>algorithms
        <marc:datafield xmlns:marc="http://www.loc.gov/MARC21/slim"
                tag="650"
                ind1=" "
                ind2="3">
   <marc:subfield code="a">broadleaved trees</marc:subfield>
</marc:datafield>
<marc:subfield xmlns:marc="http://www.loc.gov/MARC21/slim" code="a">broadleaved trees</marc:subfield>broadleaved trees
        <marc:datafield xmlns:marc="http://www.loc.gov/MARC21/slim"
                tag="650"
                ind1=" "
                ind2="3">
   <marc:subfield code="a">climate</marc:subfield>
</marc:datafield>
<marc:subfield xmlns:marc="http://www.loc.gov/MARC21/slim" code="a">climate</marc:subfield>climate
        <marc:datafield xmlns:marc="http://www.loc.gov/MARC21/slim"
                tag="650"
                ind1=" "
                ind2="3">
   <marc:subfield code="a">ecological resilience</marc:subfield>
</marc:datafield>
<marc:subfield xmlns:marc="http://www.loc.gov/MARC21/slim" code="a">ecological resilience</marc:subfield>ecological resilience
        <marc:datafield xmlns:marc="http://www.loc.gov/MARC21/slim"
                tag="650"
                ind1=" "
                ind2="3">
   <marc:subfield code="a">equations</marc:subfield>
</marc:datafield>
<marc:subfield xmlns:marc="http://www.loc.gov/MARC21/slim" code="a">equations</marc:subfield>equations
        <marc:datafield xmlns:marc="http://www.loc.gov/MARC21/slim"
                tag="650"
                ind1=" "
                ind2="3">
   <marc:subfield code="a">forest management</marc:subfield>
</marc:datafield>
<marc:subfield xmlns:marc="http://www.loc.gov/MARC21/slim" code="a">forest management</marc:subfield>forest management
        <marc:datafield xmlns:marc="http://www.loc.gov/MARC21/slim"
                tag="650"
                ind1=" "
                ind2="3">
   <marc:subfield code="a">forest types</marc:subfield>
</marc:datafield>
<marc:subfield xmlns:marc="http://www.loc.gov/MARC21/slim" code="a">forest types</marc:subfield>forest types
        <marc:datafield xmlns:marc="http://www.loc.gov/MARC21/slim"
                tag="650"
                ind1=" "
                ind2="3">
   <marc:subfield code="a">functional diversity</marc:subfield>
</marc:datafield>
<marc:subfield xmlns:marc="http://www.loc.gov/MARC21/slim" code="a">functional diversity</marc:subfield>functional diversity
        <marc:datafield xmlns:marc="http://www.loc.gov/MARC21/slim"
                tag="650"
                ind1=" "
                ind2="3">
   <marc:subfield code="a">kriging</marc:subfield>
</marc:datafield>
<marc:subfield xmlns:marc="http://www.loc.gov/MARC21/slim" code="a">kriging</marc:subfield>kriging
        <marc:datafield xmlns:marc="http://www.loc.gov/MARC21/slim"
                tag="650"
                ind1=" "
                ind2="3">
   <marc:subfield code="a">stand structure</marc:subfield>
</marc:datafield>
<marc:subfield xmlns:marc="http://www.loc.gov/MARC21/slim" code="a">stand structure</marc:subfield>stand structure
        <marc:datafield xmlns:marc="http://www.loc.gov/MARC21/slim"
                tag="653"
                ind1=" "
                ind2="0">
   <marc:subfield code="a">Functional diversity distribution</marc:subfield>
</marc:datafield>
<marc:subfield xmlns:marc="http://www.loc.gov/MARC21/slim" code="a">Functional diversity distribution</marc:subfield>Functional diversity distribution
        <marc:datafield xmlns:marc="http://www.loc.gov/MARC21/slim"
                tag="653"
                ind1=" "
                ind2="0">
   <marc:subfield code="a">Forest types</marc:subfield>
</marc:datafield>
<marc:subfield xmlns:marc="http://www.loc.gov/MARC21/slim" code="a">Forest types</marc:subfield>Forest types
        <marc:datafield xmlns:marc="http://www.loc.gov/MARC21/slim"
                tag="653"
                ind1=" "
                ind2="0">
   <marc:subfield code="a">Forest management</marc:subfield>
</marc:datafield>
<marc:subfield xmlns:marc="http://www.loc.gov/MARC21/slim" code="a">Forest management</marc:subfield>Forest management
        <marc:datafield xmlns:marc="http://www.loc.gov/MARC21/slim"
                tag="653"
                ind1=" "
                ind2="0">
   <marc:subfield code="a">Random forest</marc:subfield>
</marc:datafield>
<marc:subfield xmlns:marc="http://www.loc.gov/MARC21/slim" code="a">Random forest</marc:subfield>Random forest
        <marc:datafield xmlns:marc="http://www.loc.gov/MARC21/slim"
                tag="653"
                ind1=" "
                ind2="0">
   <marc:subfield code="a">Stand structure attributes</marc:subfield>
</marc:datafield>
<marc:subfield xmlns:marc="http://www.loc.gov/MARC21/slim" code="a">Stand structure attributes</marc:subfield>Stand structure attributes
        <marc:datafield xmlns:marc="http://www.loc.gov/MARC21/slim"
                tag="653"
                ind1=" "
                ind2="0">
   <marc:subfield code="a">Structural equation modeling</marc:subfield>
</marc:datafield>
<marc:subfield xmlns:marc="http://www.loc.gov/MARC21/slim" code="a">Structural equation modeling</marc:subfield>Structural equation modeling
        <marc:datafield xmlns:marc="http://www.loc.gov/MARC21/slim"
                tag="700"
                ind1="1"
                ind2=" ">
   <marc:subfield code="a">Wang, Juan</marc:subfield>
   <marc:subfield code="e">author</marc:subfield>
   <marc:subfield code="u">Department of Forest Ecology, School of Ecology and Nature
                Conservation, Beijing Forestry University, Beijing, 100083, China</marc:subfield>
   <marc:subfield code="1">https://orcid.org/0000-0001-9021-5985</marc:subfield>
</marc:datafield>
<marc:subfield xmlns:marc="http://www.loc.gov/MARC21/slim" code="a">Wang, Juan</marc:subfield>Wang, Juan
            <marc:subfield xmlns:marc="http://www.loc.gov/MARC21/slim" code="e">author</marc:subfield>author
            <marc:subfield xmlns:marc="http://www.loc.gov/MARC21/slim" code="u">Department of Forest Ecology, School of Ecology and Nature
                Conservation, Beijing Forestry University, Beijing, 100083, China</marc:subfield>Department of Forest Ecology, School of Ecology and Nature
                Conservation, Beijing Forestry University, Beijing, 100083, China
            <marc:subfield xmlns:marc="http://www.loc.gov/MARC21/slim" code="1">https://orcid.org/0000-0001-9021-5985</marc:subfield>https://orcid.org/0000-0001-9021-5985
        <marc:datafield xmlns:marc="http://www.loc.gov/MARC21/slim"
                tag="700"
                ind1="1"
                ind2=" ">
   <marc:subfield code="a">Fan, Chunyu</marc:subfield>
   <marc:subfield code="e">author</marc:subfield>
   <marc:subfield code="u">Research Center of Forest Management Engineering of State Forestry
                and Grassland Administration, Beijing Forestry University, Beijing, 100083,
                China</marc:subfield>
</marc:datafield>
<marc:subfield xmlns:marc="http://www.loc.gov/MARC21/slim" code="a">Fan, Chunyu</marc:subfield>Fan, Chunyu
            <marc:subfield xmlns:marc="http://www.loc.gov/MARC21/slim" code="e">author</marc:subfield>author
            <marc:subfield xmlns:marc="http://www.loc.gov/MARC21/slim" code="u">Research Center of Forest Management Engineering of State Forestry
                and Grassland Administration, Beijing Forestry University, Beijing, 100083,
                China</marc:subfield>Research Center of Forest Management Engineering of State Forestry
                and Grassland Administration, Beijing Forestry University, Beijing, 100083,
                China
        <marc:datafield xmlns:marc="http://www.loc.gov/MARC21/slim"
                tag="700"
                ind1="1"
                ind2=" ">
   <marc:subfield code="a">von Gadow, Klaus</marc:subfield>
   <marc:subfield code="e">author</marc:subfield>
   <marc:subfield code="u">Faculty of Forestry and Forest Ecology, Georg-August-University
                Göttingen, Büsgenweg 5, D-37077, Göttingen, Germany</marc:subfield>
</marc:datafield>
<marc:subfield xmlns:marc="http://www.loc.gov/MARC21/slim" code="a">von Gadow, Klaus</marc:subfield>von Gadow, Klaus
            <marc:subfield xmlns:marc="http://www.loc.gov/MARC21/slim" code="e">author</marc:subfield>author
            <marc:subfield xmlns:marc="http://www.loc.gov/MARC21/slim" code="u">Faculty of Forestry and Forest Ecology, Georg-August-University
                Göttingen, Büsgenweg 5, D-37077, Göttingen, Germany</marc:subfield>Faculty of Forestry and Forest Ecology, Georg-August-University
                Göttingen, Büsgenweg 5, D-37077, Göttingen, Germany
        <marc:datafield xmlns:marc="http://www.loc.gov/MARC21/slim"
                tag="773"
                ind1="0"
                ind2=" ">
   <marc:subfield code="t">Forest ecosystems.</marc:subfield>
   <marc:subfield code="g">2022, v. 9 p.100048-</marc:subfield>
   <marc:subfield code="d">Elsevier B.V.</marc:subfield>
   <marc:subfield code="w">Journal:21605</marc:subfield>
   <marc:subfield code="x">2197-5620</marc:subfield>
   <marc:subfield code="7">nnas</marc:subfield>
</marc:datafield>
<marc:subfield xmlns:marc="http://www.loc.gov/MARC21/slim" code="t">Forest ecosystems.</marc:subfield>Forest ecosystems.
            <marc:subfield xmlns:marc="http://www.loc.gov/MARC21/slim" code="g">2022, v. 9 p.100048-</marc:subfield>2022, v. 9 p.100048-
            <marc:subfield xmlns:marc="http://www.loc.gov/MARC21/slim" code="d">Elsevier B.V.</marc:subfield>Elsevier B.V.
            <marc:subfield xmlns:marc="http://www.loc.gov/MARC21/slim" code="w">Journal:21605</marc:subfield>Journal:21605
            <marc:subfield xmlns:marc="http://www.loc.gov/MARC21/slim" code="x">2197-5620</marc:subfield>2197-5620
            <marc:subfield xmlns:marc="http://www.loc.gov/MARC21/slim" code="7">nnas</marc:subfield>nnas
        <marc:datafield xmlns:marc="http://www.loc.gov/MARC21/slim"
                tag="787"
                ind1="1"
                ind2=" ">
   <marc:subfield code="o">islandora_article_repository</marc:subfield>
</marc:datafield>
<marc:subfield xmlns:marc="http://www.loc.gov/MARC21/slim" code="o">islandora_article_repository</marc:subfield>islandora_article_repository
        <marc:datafield xmlns:marc="http://www.loc.gov/MARC21/slim"
                tag="787"
                ind1="1"
                ind2=" ">
   <marc:subfield code="o">product_pubag</marc:subfield>
</marc:datafield>
<marc:subfield xmlns:marc="http://www.loc.gov/MARC21/slim" code="o">product_pubag</marc:subfield>product_pubag
        <marc:datafield xmlns:marc="http://www.loc.gov/MARC21/slim"
                tag="787"
                ind1="1"
                ind2=" ">
   <marc:subfield code="o">(Journal)21605</marc:subfield>
</marc:datafield>
<marc:subfield xmlns:marc="http://www.loc.gov/MARC21/slim" code="o">(Journal)21605</marc:subfield>(Journal)21605
        <marc:datafield xmlns:marc="http://www.loc.gov/MARC21/slim"
                tag="856"
                ind1="4"
                ind2="0">
   <marc:subfield code="u">https://dx.doi.org/10.1016/j.fecs.2022.100048</marc:subfield>
   <marc:subfield code="3">Available from publisher's site</marc:subfield>
</marc:datafield>
<marc:subfield xmlns:marc="http://www.loc.gov/MARC21/slim" code="u">https://dx.doi.org/10.1016/j.fecs.2022.100048</marc:subfield>https://dx.doi.org/10.1016/j.fecs.2022.100048
            <marc:subfield xmlns:marc="http://www.loc.gov/MARC21/slim" code="3">Available from publisher's site</marc:subfield>Available from publisher's site
        <marc:datafield xmlns:marc="http://www.loc.gov/MARC21/slim"
                tag="912"
                ind1=" "
                ind2=" ">
   <marc:subfield code="a">Article</marc:subfield>
</marc:datafield>
<marc:subfield xmlns:marc="http://www.loc.gov/MARC21/slim" code="a">Article</marc:subfield>Article
        <marc:datafield xmlns:marc="http://www.loc.gov/MARC21/slim"
                tag="914"
                ind1=" "
                ind2=" ">
   <marc:subfield code="a">Journal:21605</marc:subfield>
   <marc:subfield code="b">2197-5620</marc:subfield>
   <marc:subfield code="e">100048</marc:subfield>
</marc:datafield>
<marc:subfield xmlns:marc="http://www.loc.gov/MARC21/slim" code="a">Journal:21605</marc:subfield>Journal:21605
            <marc:subfield xmlns:marc="http://www.loc.gov/MARC21/slim" code="b">2197-5620</marc:subfield>2197-5620
            <marc:subfield xmlns:marc="http://www.loc.gov/MARC21/slim" code="e">100048</marc:subfield>100048
        <marc:datafield xmlns:marc="http://www.loc.gov/MARC21/slim"
                tag="914"
                ind1=" "
                ind2=" ">
   <marc:subfield code="f">Forest ecosystems</marc:subfield>
</marc:datafield>
<marc:subfield xmlns:marc="http://www.loc.gov/MARC21/slim" code="f">Forest ecosystems</marc:subfield>Forest ecosystems
        <marc:datafield xmlns:marc="http://www.loc.gov/MARC21/slim"
                tag="916"
                ind1=" "
                ind2=" ">
   <marc:subfield code="a">Batch:10255</marc:subfield>
</marc:datafield>
<marc:subfield xmlns:marc="http://www.loc.gov/MARC21/slim" code="a">Batch:10255</marc:subfield>Batch:10255
        <marc:datafield xmlns:marc="http://www.loc.gov/MARC21/slim"
                tag="917"
                ind1=" "
                ind2=" ">
   <marc:subfield code="a">issued</marc:subfield>
</marc:datafield>
<marc:subfield xmlns:marc="http://www.loc.gov/MARC21/slim" code="a">issued</marc:subfield>issued
        <marc:datafield xmlns:marc="http://www.loc.gov/MARC21/slim"
                tag="918"
                ind1="2"
                ind2=" ">
   <marc:subfield code="a">Elsevier Consyn</marc:subfield>
   <marc:subfield code="e">provider</marc:subfield>
   <marc:subfield code="5">DNAL</marc:subfield>
</marc:datafield>
<marc:subfield xmlns:marc="http://www.loc.gov/MARC21/slim" code="a">Elsevier Consyn</marc:subfield>Elsevier Consyn
            <marc:subfield xmlns:marc="http://www.loc.gov/MARC21/slim" code="e">provider</marc:subfield>provider
            <marc:subfield xmlns:marc="http://www.loc.gov/MARC21/slim" code="5">DNAL</marc:subfield>DNAL
        <marc:datafield xmlns:marc="http://www.loc.gov/MARC21/slim"
                tag="935"
                ind1=" "
                ind2=" ">
   <marc:subfield code="a">IND607785982</marc:subfield>
   <marc:subfield code="9">ExL</marc:subfield>
</marc:datafield>
<marc:subfield xmlns:marc="http://www.loc.gov/MARC21/slim" code="a">IND607785982</marc:subfield>IND607785982
            <marc:subfield xmlns:marc="http://www.loc.gov/MARC21/slim" code="9">ExL</marc:subfield>ExL
        <marc:datafield xmlns:marc="http://www.loc.gov/MARC21/slim"
                tag="949"
                ind1=" "
                ind2=" ">
   <marc:subfield code="a">2022-05-29</marc:subfield>
</marc:datafield>
<marc:subfield xmlns:marc="http://www.loc.gov/MARC21/slim" code="a">2022-05-29</marc:subfield>2022-05-29
        <marc:datafield xmlns:marc="http://www.loc.gov/MARC21/slim"
                tag="953"
                ind1=" "
                ind2=" ">
   <marc:subfield code="a">/data/metadata/incoming/consyn/142141150143324923-00002-HEAD-ONLY-REVISEDSUBJECTLIST.zip</marc:subfield>
</marc:datafield>
<marc:subfield xmlns:marc="http://www.loc.gov/MARC21/slim" code="a">/data/metadata/incoming/consyn/142141150143324923-00002-HEAD-ONLY-REVISEDSUBJECTLIST.zip</marc:subfield>/data/metadata/incoming/consyn/142141150143324923-00002-HEAD-ONLY-REVISEDSUBJECTLIST.zip
        <marc:datafield xmlns:marc="http://www.loc.gov/MARC21/slim"
                tag="954"
                ind1=" "
                ind2=" ">
   <marc:subfield code="a">file:/data/metadata/staging/consyn/S2197562022000483.xml</marc:subfield>
</marc:datafield>
<marc:subfield xmlns:marc="http://www.loc.gov/MARC21/slim" code="a">file:/data/metadata/staging/consyn/S2197562022000483.xml</marc:subfield>file:/data/metadata/staging/consyn/S2197562022000483.xml
        <marc:datafield xmlns:marc="http://www.loc.gov/MARC21/slim"
                tag="955"
                ind1=" "
                ind2=" ">
   <marc:subfield code="a">/data/metadata/staging/consyn/</marc:subfield>
</marc:datafield>
<marc:subfield xmlns:marc="http://www.loc.gov/MARC21/slim" code="a">/data/metadata/staging/consyn/</marc:subfield>/data/metadata/staging/consyn/
        <marc:datafield xmlns:marc="http://www.loc.gov/MARC21/slim"
                tag="974"
                ind1=" "
                ind2=" ">
   <marc:subfield code="a">agid:7785982</marc:subfield>
</marc:datafield>
<marc:subfield xmlns:marc="http://www.loc.gov/MARC21/slim" code="a">agid:7785982</marc:subfield>agid:7785982
        <marc:datafield xmlns:marc="http://www.loc.gov/MARC21/slim"
                tag="983"
                ind1=" "
                ind2=" ">
   <marc:subfield code="a">2022-06-19</marc:subfield>
</marc:datafield>
<marc:subfield xmlns:marc="http://www.loc.gov/MARC21/slim" code="a">2022-06-19</marc:subfield>2022-06-19
        <marc:datafield xmlns:marc="http://www.loc.gov/MARC21/slim"
                tag="984"
                ind1=" "
                ind2=" ">
   <marc:subfield code="a">2022-06-19</marc:subfield>
</marc:datafield>
<marc:subfield xmlns:marc="http://www.loc.gov/MARC21/slim" code="a">2022-06-19</marc:subfield>2022-06-19
    <marc:record xmlns:marc="http://www.loc.gov/MARC21/slim">
   <marc:leader>04309nab a2200625 u 4500</marc:leader>
   <marc:controlfield tag="001">9915610429607426</marc:controlfield>
   <marc:controlfield tag="005">20221118220848.0</marc:controlfield>
   <marc:controlfield tag="008">220905e202209 xx |||||o|||||||||||eng||</marc:controlfield>
   <marc:datafield tag="016" ind1="7" ind2=" ">
      <marc:subfield code="a">IND607785912</marc:subfield>
      <marc:subfield code="2">DNAL</marc:subfield>
   </marc:datafield>
   <marc:datafield tag="024" ind1="7" ind2=" ">
      <marc:subfield code="a">10.1016/j.ecoinf.2022.101695</marc:subfield>
      <marc:subfield code="2">doi</marc:subfield>
   </marc:datafield>
   <marc:datafield tag="035" ind1=" " ind2=" ">
      <marc:subfield code="a">agid:7785912-01nal_inst</marc:subfield>
   </marc:datafield>
   <marc:datafield tag="040" ind1=" " ind2=" ">
      <marc:subfield code="a">AGL</marc:subfield>
      <marc:subfield code="b">eng</marc:subfield>
      <marc:subfield code="c">AGL</marc:subfield>
   </marc:datafield>
   <marc:datafield tag="100" ind1="1" ind2=" ">
      <marc:subfield code="a">Cho, Nanghyun</marc:subfield>
      <marc:subfield code="e">author</marc:subfield>
      <marc:subfield code="u">Department of Environmental Science, Kangwon National University,
                Chuncheon 200-701, Republic of Korea</marc:subfield>
   </marc:datafield>
   <marc:datafield tag="245" ind1="1" ind2="0">
      <marc:subfield code="a">Recent field findings and modeling on non-structural carbohydrates
                (NSCs): How to synthesize?</marc:subfield>
   </marc:datafield>
   <marc:datafield tag="520" ind1=" " ind2=" ">
      <marc:subfield code="a">With growing interest in tree decline and die-back events due to
                increased climate variability, ecophysiological roles and dynamics of non-structural
                carbohydrates (NSCs) have drawn wide attention recently. Accordingly, a lot of field
                data have been collected, but these achievements were not well incorporated in
                process-based vegetation models yet, where NSCs ecophysiology was implicitly applied
                or ignored. This review tried to fill the knowledge gap between recent developments
                of empirical and modeling studies on NSCs ecophysiology. We summarized the
                characteristics and dynamics of NSCs with their respective roles in tree physiology
                and tree mortality recently found in field studies; examined how these findings have
                been incorporated into vegetation models so far; then, provided alternative modeling
                approaches of NSCs dynamics and allocation strategies. As result, we addressed five
                key modeling issues in simulating spatial and temporal patterns of NSCs dynamics
                across different scales as follows: (1) interconversion between dual NSCs pools
                (i.e., rapid soluble sugar and slow starch pools), (2) incorporation of the
                sink-limited growth allocation strategy, (3) hydraulic limitation of NSCs transports
                between organs, (4) feedback mechanisms between tree NSCs and root symbionts, and
                (5) large-scale simulations of NSCs dynamics. This review emphasizes the limitation
                of traditional source-limited models to simulate die-back and recovery of various
                tree biomes. The development of process-based vegetation models considering NSCs
                ecophysiology explicitly will help to enhance our modeling capacity to understand
                vegetation responses to climate change.</marc:subfield>
   </marc:datafield>
   <marc:datafield tag="592" ind1=" " ind2=" ">
      <marc:subfield code="a">Publisher supplied data</marc:subfield>
   </marc:datafield>
   <marc:datafield tag="593" ind1=" " ind2=" ">
      <marc:subfield code="a">PubAg article</marc:subfield>
   </marc:datafield>
   <marc:datafield tag="650" ind1=" " ind2="3">
      <marc:subfield code="a">climate</marc:subfield>
   </marc:datafield>
   <marc:datafield tag="650" ind1=" " ind2="3">
      <marc:subfield code="a">climate change</marc:subfield>
   </marc:datafield>
   <marc:datafield tag="650" ind1=" " ind2="3">
      <marc:subfield code="a">dieback</marc:subfield>
   </marc:datafield>
   <marc:datafield tag="650" ind1=" " ind2="3">
      <marc:subfield code="a">ecophysiology</marc:subfield>
   </marc:datafield>
   <marc:datafield tag="650" ind1=" " ind2="3">
      <marc:subfield code="a">starch</marc:subfield>
   </marc:datafield>
   <marc:datafield tag="650" ind1=" " ind2="3">
      <marc:subfield code="a">sugars</marc:subfield>
   </marc:datafield>
   <marc:datafield tag="650" ind1=" " ind2="3">
      <marc:subfield code="a">symbionts</marc:subfield>
   </marc:datafield>
   <marc:datafield tag="650" ind1=" " ind2="3">
      <marc:subfield code="a">tree mortality</marc:subfield>
   </marc:datafield>
   <marc:datafield tag="650" ind1=" " ind2="3">
      <marc:subfield code="a">tree physiology</marc:subfield>
   </marc:datafield>
   <marc:datafield tag="650" ind1=" " ind2="3">
      <marc:subfield code="a">vegetation</marc:subfield>
   </marc:datafield>
   <marc:datafield tag="653" ind1=" " ind2="0">
      <marc:subfield code="a">Non-structural carbohydrates (NSCs)</marc:subfield>
   </marc:datafield>
   <marc:datafield tag="653" ind1=" " ind2="0">
      <marc:subfield code="a">Field evidence</marc:subfield>
   </marc:datafield>
   <marc:datafield tag="653" ind1=" " ind2="0">
      <marc:subfield code="a">Process-based model</marc:subfield>
   </marc:datafield>
   <marc:datafield tag="653" ind1=" " ind2="0">
      <marc:subfield code="a">Carbon allocation</marc:subfield>
   </marc:datafield>
   <marc:datafield tag="653" ind1=" " ind2="0">
      <marc:subfield code="a">Climate change</marc:subfield>
   </marc:datafield>
   <marc:datafield tag="700" ind1="1" ind2=" ">
      <marc:subfield code="a">Agossou, Casimir</marc:subfield>
      <marc:subfield code="e">author</marc:subfield>
      <marc:subfield code="u">Department of Environmental Science, Kangwon National University,
                Chuncheon 200-701, Republic of Korea</marc:subfield>
   </marc:datafield>
   <marc:datafield tag="700" ind1="1" ind2=" ">
      <marc:subfield code="a">Kim, Eunsook</marc:subfield>
      <marc:subfield code="e">author</marc:subfield>
      <marc:subfield code="u">Forest Ecology and Climate Change Division, National Institute of
                Forest Science, Seoul, Republic of Korea</marc:subfield>
   </marc:datafield>
   <marc:datafield tag="700" ind1="1" ind2=" ">
      <marc:subfield code="a">Lim, Jong-Hwan</marc:subfield>
      <marc:subfield code="e">author</marc:subfield>
      <marc:subfield code="u">Forest Ecology and Climate Change Division, National Institute of
                Forest Science, Seoul, Republic of Korea</marc:subfield>
   </marc:datafield>
   <marc:datafield tag="700" ind1="1" ind2=" ">
      <marc:subfield code="a">Hwang, Taehee</marc:subfield>
      <marc:subfield code="e">author</marc:subfield>
      <marc:subfield code="u">Department of Geography, Indiana University Bloomington, Indiana,
                USA</marc:subfield>
   </marc:datafield>
   <marc:datafield tag="700" ind1="1" ind2=" ">
      <marc:subfield code="a">Kang, Sinkyu</marc:subfield>
      <marc:subfield code="e">author</marc:subfield>
      <marc:subfield code="u">Department of Environmental Science, Kangwon National University,
                Chuncheon 200-701, Republic of Korea</marc:subfield>
   </marc:datafield>
   <marc:datafield tag="773" ind1="0" ind2=" ">
      <marc:subfield code="t">Ecological informatics.</marc:subfield>
      <marc:subfield code="g">2022 Sept., v. 70 p.101695-</marc:subfield>
      <marc:subfield code="d">Elsevier B.V.</marc:subfield>
      <marc:subfield code="w">Journal:2190</marc:subfield>
      <marc:subfield code="x">1574-9541</marc:subfield>
      <marc:subfield code="7">nnas</marc:subfield>
   </marc:datafield>
   <marc:datafield tag="787" ind1="1" ind2=" ">
      <marc:subfield code="o">islandora_article_repository</marc:subfield>
   </marc:datafield>
   <marc:datafield tag="787" ind1="1" ind2=" ">
      <marc:subfield code="o">product_pubag</marc:subfield>
   </marc:datafield>
   <marc:datafield tag="787" ind1="1" ind2=" ">
      <marc:subfield code="o">(Journal)2190</marc:subfield>
   </marc:datafield>
   <marc:datafield tag="856" ind1="4" ind2="0">
      <marc:subfield code="u">https://dx.doi.org/10.1016/j.ecoinf.2022.101695</marc:subfield>
      <marc:subfield code="3">Available from publisher's site</marc:subfield>
   </marc:datafield>
   <marc:datafield tag="912" ind1=" " ind2=" ">
      <marc:subfield code="a">Article</marc:subfield>
   </marc:datafield>
   <marc:datafield tag="914" ind1=" " ind2=" ">
      <marc:subfield code="a">Journal:2190</marc:subfield>
      <marc:subfield code="b">1574-9541</marc:subfield>
      <marc:subfield code="e">101695</marc:subfield>
   </marc:datafield>
   <marc:datafield tag="914" ind1=" " ind2=" ">
      <marc:subfield code="f">Ecological informatics</marc:subfield>
   </marc:datafield>
   <marc:datafield tag="917" ind1=" " ind2=" ">
      <marc:subfield code="a">issued</marc:subfield>
   </marc:datafield>
   <marc:datafield tag="918" ind1="2" ind2=" ">
      <marc:subfield code="a">Elsevier Consyn</marc:subfield>
      <marc:subfield code="e">provider</marc:subfield>
      <marc:subfield code="5">DNAL</marc:subfield>
   </marc:datafield>
   <marc:datafield tag="935" ind1=" " ind2=" ">
      <marc:subfield code="a">IND607785912</marc:subfield>
      <marc:subfield code="9">ExL</marc:subfield>
   </marc:datafield>
   <marc:datafield tag="949" ind1=" " ind2=" ">
      <marc:subfield code="a">2022-05-29</marc:subfield>
   </marc:datafield>
   <marc:datafield tag="953" ind1=" " ind2=" ">
      <marc:subfield code="a">/data/metadata/incoming/consyn/121246409303567675-00002-HEAD-ONLY-REVISEDSUBJECTLIST.ZIP</marc:subfield>
   </marc:datafield>
   <marc:datafield tag="954" ind1=" " ind2=" ">
      <marc:subfield code="a">file:/data/metadata/staging/consyn/S1574954122001455.xml</marc:subfield>
   </marc:datafield>
   <marc:datafield tag="955" ind1=" " ind2=" ">
      <marc:subfield code="a">/data/metadata/staging/consyn/</marc:subfield>
   </marc:datafield>
   <marc:datafield tag="974" ind1=" " ind2=" ">
      <marc:subfield code="a">agid:7785912</marc:subfield>
   </marc:datafield>
   <marc:datafield tag="983" ind1=" " ind2=" ">
      <marc:subfield code="a">2022-09-05</marc:subfield>
   </marc:datafield>
   <marc:datafield tag="984" ind1=" " ind2=" ">
      <marc:subfield code="a">2022-09-05</marc:subfield>
   </marc:datafield>
</marc:record>