
<marc:leader xmlns:marc="http://www.loc.gov/MARC21/slim">04309nab a2200625 u 4500</marc:leader>04309nab a2200625 u 4500
        <marc:controlfield xmlns:marc="http://www.loc.gov/MARC21/slim" tag="001">9915610429607426</marc:controlfield>9915610429607426
        <marc:controlfield xmlns:marc="http://www.loc.gov/MARC21/slim" tag="005">20221118220848.0</marc:controlfield>20221118220848.0
        <marc:controlfield xmlns:marc="http://www.loc.gov/MARC21/slim" tag="008">220905e202209 xx |||||o|||||||||||eng||</marc:controlfield>220905e202209 xx |||||o|||||||||||eng||
        <marc:datafield xmlns:marc="http://www.loc.gov/MARC21/slim"
                tag="016"
                ind1="7"
                ind2=" ">
   <marc:subfield code="a">IND607785912</marc:subfield>
   <marc:subfield code="2">DNAL</marc:subfield>
</marc:datafield>
<marc:subfield xmlns:marc="http://www.loc.gov/MARC21/slim" code="a">IND607785912</marc:subfield>IND607785912
            <marc:subfield xmlns:marc="http://www.loc.gov/MARC21/slim" code="2">DNAL</marc:subfield>DNAL
        <marc:datafield xmlns:marc="http://www.loc.gov/MARC21/slim"
                tag="024"
                ind1="7"
                ind2=" ">
   <marc:subfield code="a">10.1016/j.ecoinf.2022.101695</marc:subfield>
   <marc:subfield code="2">doi</marc:subfield>
</marc:datafield>
<marc:subfield xmlns:marc="http://www.loc.gov/MARC21/slim" code="a">10.1016/j.ecoinf.2022.101695</marc:subfield>10.1016/j.ecoinf.2022.101695
            <marc:subfield xmlns:marc="http://www.loc.gov/MARC21/slim" code="2">doi</marc:subfield>doi
        <marc:datafield xmlns:marc="http://www.loc.gov/MARC21/slim"
                tag="035"
                ind1=" "
                ind2=" ">
   <marc:subfield code="a">agid:7785912-01nal_inst</marc:subfield>
</marc:datafield>
<marc:subfield xmlns:marc="http://www.loc.gov/MARC21/slim" code="a">agid:7785912-01nal_inst</marc:subfield>agid:7785912-01nal_inst
        <marc:datafield xmlns:marc="http://www.loc.gov/MARC21/slim"
                tag="040"
                ind1=" "
                ind2=" ">
   <marc:subfield code="a">AGL</marc:subfield>
   <marc:subfield code="b">eng</marc:subfield>
   <marc:subfield code="c">AGL</marc:subfield>
</marc:datafield>
<marc:subfield xmlns:marc="http://www.loc.gov/MARC21/slim" code="a">AGL</marc:subfield>AGL
            <marc:subfield xmlns:marc="http://www.loc.gov/MARC21/slim" code="b">eng</marc:subfield>eng
            <marc:subfield xmlns:marc="http://www.loc.gov/MARC21/slim" code="c">AGL</marc:subfield>AGL
        <marc:datafield xmlns:marc="http://www.loc.gov/MARC21/slim"
                tag="100"
                ind1="1"
                ind2=" ">
   <marc:subfield code="a">Cho, Nanghyun</marc:subfield>
   <marc:subfield code="e">author</marc:subfield>
   <marc:subfield code="u">Department of Environmental Science, Kangwon National University,
                Chuncheon 200-701, Republic of Korea</marc:subfield>
</marc:datafield>
<marc:subfield xmlns:marc="http://www.loc.gov/MARC21/slim" code="a">Cho, Nanghyun</marc:subfield>Cho, Nanghyun
            <marc:subfield xmlns:marc="http://www.loc.gov/MARC21/slim" code="e">author</marc:subfield>author
            <marc:subfield xmlns:marc="http://www.loc.gov/MARC21/slim" code="u">Department of Environmental Science, Kangwon National University,
                Chuncheon 200-701, Republic of Korea</marc:subfield>Department of Environmental Science, Kangwon National University,
                Chuncheon 200-701, Republic of Korea
        <marc:datafield xmlns:marc="http://www.loc.gov/MARC21/slim"
                tag="245"
                ind1="1"
                ind2="0">
   <marc:subfield code="a">Recent field findings and modeling on non-structural carbohydrates
                (NSCs): How to synthesize?</marc:subfield>
</marc:datafield>
<marc:subfield xmlns:marc="http://www.loc.gov/MARC21/slim" code="a">Recent field findings and modeling on non-structural carbohydrates
                (NSCs): How to synthesize?</marc:subfield>Recent field findings and modeling on non-structural carbohydrates
                (NSCs): How to synthesize?
        <marc:datafield xmlns:marc="http://www.loc.gov/MARC21/slim"
                tag="520"
                ind1=" "
                ind2=" ">
   <marc:subfield code="a">With growing interest in tree decline and die-back events due to
                increased climate variability, ecophysiological roles and dynamics of non-structural
                carbohydrates (NSCs) have drawn wide attention recently. Accordingly, a lot of field
                data have been collected, but these achievements were not well incorporated in
                process-based vegetation models yet, where NSCs ecophysiology was implicitly applied
                or ignored. This review tried to fill the knowledge gap between recent developments
                of empirical and modeling studies on NSCs ecophysiology. We summarized the
                characteristics and dynamics of NSCs with their respective roles in tree physiology
                and tree mortality recently found in field studies; examined how these findings have
                been incorporated into vegetation models so far; then, provided alternative modeling
                approaches of NSCs dynamics and allocation strategies. As result, we addressed five
                key modeling issues in simulating spatial and temporal patterns of NSCs dynamics
                across different scales as follows: (1) interconversion between dual NSCs pools
                (i.e., rapid soluble sugar and slow starch pools), (2) incorporation of the
                sink-limited growth allocation strategy, (3) hydraulic limitation of NSCs transports
                between organs, (4) feedback mechanisms between tree NSCs and root symbionts, and
                (5) large-scale simulations of NSCs dynamics. This review emphasizes the limitation
                of traditional source-limited models to simulate die-back and recovery of various
                tree biomes. The development of process-based vegetation models considering NSCs
                ecophysiology explicitly will help to enhance our modeling capacity to understand
                vegetation responses to climate change.</marc:subfield>
</marc:datafield>
<marc:subfield xmlns:marc="http://www.loc.gov/MARC21/slim" code="a">With growing interest in tree decline and die-back events due to
                increased climate variability, ecophysiological roles and dynamics of non-structural
                carbohydrates (NSCs) have drawn wide attention recently. Accordingly, a lot of field
                data have been collected, but these achievements were not well incorporated in
                process-based vegetation models yet, where NSCs ecophysiology was implicitly applied
                or ignored. This review tried to fill the knowledge gap between recent developments
                of empirical and modeling studies on NSCs ecophysiology. We summarized the
                characteristics and dynamics of NSCs with their respective roles in tree physiology
                and tree mortality recently found in field studies; examined how these findings have
                been incorporated into vegetation models so far; then, provided alternative modeling
                approaches of NSCs dynamics and allocation strategies. As result, we addressed five
                key modeling issues in simulating spatial and temporal patterns of NSCs dynamics
                across different scales as follows: (1) interconversion between dual NSCs pools
                (i.e., rapid soluble sugar and slow starch pools), (2) incorporation of the
                sink-limited growth allocation strategy, (3) hydraulic limitation of NSCs transports
                between organs, (4) feedback mechanisms between tree NSCs and root symbionts, and
                (5) large-scale simulations of NSCs dynamics. This review emphasizes the limitation
                of traditional source-limited models to simulate die-back and recovery of various
                tree biomes. The development of process-based vegetation models considering NSCs
                ecophysiology explicitly will help to enhance our modeling capacity to understand
                vegetation responses to climate change.</marc:subfield>With growing interest in tree decline and die-back events due to
                increased climate variability, ecophysiological roles and dynamics of non-structural
                carbohydrates (NSCs) have drawn wide attention recently. Accordingly, a lot of field
                data have been collected, but these achievements were not well incorporated in
                process-based vegetation models yet, where NSCs ecophysiology was implicitly applied
                or ignored. This review tried to fill the knowledge gap between recent developments
                of empirical and modeling studies on NSCs ecophysiology. We summarized the
                characteristics and dynamics of NSCs with their respective roles in tree physiology
                and tree mortality recently found in field studies; examined how these findings have
                been incorporated into vegetation models so far; then, provided alternative modeling
                approaches of NSCs dynamics and allocation strategies. As result, we addressed five
                key modeling issues in simulating spatial and temporal patterns of NSCs dynamics
                across different scales as follows: (1) interconversion between dual NSCs pools
                (i.e., rapid soluble sugar and slow starch pools), (2) incorporation of the
                sink-limited growth allocation strategy, (3) hydraulic limitation of NSCs transports
                between organs, (4) feedback mechanisms between tree NSCs and root symbionts, and
                (5) large-scale simulations of NSCs dynamics. This review emphasizes the limitation
                of traditional source-limited models to simulate die-back and recovery of various
                tree biomes. The development of process-based vegetation models considering NSCs
                ecophysiology explicitly will help to enhance our modeling capacity to understand
                vegetation responses to climate change.
        <marc:datafield xmlns:marc="http://www.loc.gov/MARC21/slim"
                tag="592"
                ind1=" "
                ind2=" ">
   <marc:subfield code="a">Publisher supplied data</marc:subfield>
</marc:datafield>
<marc:subfield xmlns:marc="http://www.loc.gov/MARC21/slim" code="a">Publisher supplied data</marc:subfield>Publisher supplied data
        <marc:datafield xmlns:marc="http://www.loc.gov/MARC21/slim"
                tag="593"
                ind1=" "
                ind2=" ">
   <marc:subfield code="a">PubAg article</marc:subfield>
</marc:datafield>
<marc:subfield xmlns:marc="http://www.loc.gov/MARC21/slim" code="a">PubAg article</marc:subfield>PubAg article
        <marc:datafield xmlns:marc="http://www.loc.gov/MARC21/slim"
                tag="650"
                ind1=" "
                ind2="3">
   <marc:subfield code="a">climate</marc:subfield>
</marc:datafield>
<marc:subfield xmlns:marc="http://www.loc.gov/MARC21/slim" code="a">climate</marc:subfield>climate
        <marc:datafield xmlns:marc="http://www.loc.gov/MARC21/slim"
                tag="650"
                ind1=" "
                ind2="3">
   <marc:subfield code="a">climate change</marc:subfield>
</marc:datafield>
<marc:subfield xmlns:marc="http://www.loc.gov/MARC21/slim" code="a">climate change</marc:subfield>climate change
        <marc:datafield xmlns:marc="http://www.loc.gov/MARC21/slim"
                tag="650"
                ind1=" "
                ind2="3">
   <marc:subfield code="a">dieback</marc:subfield>
</marc:datafield>
<marc:subfield xmlns:marc="http://www.loc.gov/MARC21/slim" code="a">dieback</marc:subfield>dieback
        <marc:datafield xmlns:marc="http://www.loc.gov/MARC21/slim"
                tag="650"
                ind1=" "
                ind2="3">
   <marc:subfield code="a">ecophysiology</marc:subfield>
</marc:datafield>
<marc:subfield xmlns:marc="http://www.loc.gov/MARC21/slim" code="a">ecophysiology</marc:subfield>ecophysiology
        <marc:datafield xmlns:marc="http://www.loc.gov/MARC21/slim"
                tag="650"
                ind1=" "
                ind2="3">
   <marc:subfield code="a">starch</marc:subfield>
</marc:datafield>
<marc:subfield xmlns:marc="http://www.loc.gov/MARC21/slim" code="a">starch</marc:subfield>starch
        <marc:datafield xmlns:marc="http://www.loc.gov/MARC21/slim"
                tag="650"
                ind1=" "
                ind2="3">
   <marc:subfield code="a">sugars</marc:subfield>
</marc:datafield>
<marc:subfield xmlns:marc="http://www.loc.gov/MARC21/slim" code="a">sugars</marc:subfield>sugars
        <marc:datafield xmlns:marc="http://www.loc.gov/MARC21/slim"
                tag="650"
                ind1=" "
                ind2="3">
   <marc:subfield code="a">symbionts</marc:subfield>
</marc:datafield>
<marc:subfield xmlns:marc="http://www.loc.gov/MARC21/slim" code="a">symbionts</marc:subfield>symbionts
        <marc:datafield xmlns:marc="http://www.loc.gov/MARC21/slim"
                tag="650"
                ind1=" "
                ind2="3">
   <marc:subfield code="a">tree mortality</marc:subfield>
</marc:datafield>
<marc:subfield xmlns:marc="http://www.loc.gov/MARC21/slim" code="a">tree mortality</marc:subfield>tree mortality
        <marc:datafield xmlns:marc="http://www.loc.gov/MARC21/slim"
                tag="650"
                ind1=" "
                ind2="3">
   <marc:subfield code="a">tree physiology</marc:subfield>
</marc:datafield>
<marc:subfield xmlns:marc="http://www.loc.gov/MARC21/slim" code="a">tree physiology</marc:subfield>tree physiology
        <marc:datafield xmlns:marc="http://www.loc.gov/MARC21/slim"
                tag="650"
                ind1=" "
                ind2="3">
   <marc:subfield code="a">vegetation</marc:subfield>
</marc:datafield>
<marc:subfield xmlns:marc="http://www.loc.gov/MARC21/slim" code="a">vegetation</marc:subfield>vegetation
        <marc:datafield xmlns:marc="http://www.loc.gov/MARC21/slim"
                tag="653"
                ind1=" "
                ind2="0">
   <marc:subfield code="a">Non-structural carbohydrates (NSCs)</marc:subfield>
</marc:datafield>
<marc:subfield xmlns:marc="http://www.loc.gov/MARC21/slim" code="a">Non-structural carbohydrates (NSCs)</marc:subfield>Non-structural carbohydrates (NSCs)
        <marc:datafield xmlns:marc="http://www.loc.gov/MARC21/slim"
                tag="653"
                ind1=" "
                ind2="0">
   <marc:subfield code="a">Field evidence</marc:subfield>
</marc:datafield>
<marc:subfield xmlns:marc="http://www.loc.gov/MARC21/slim" code="a">Field evidence</marc:subfield>Field evidence
        <marc:datafield xmlns:marc="http://www.loc.gov/MARC21/slim"
                tag="653"
                ind1=" "
                ind2="0">
   <marc:subfield code="a">Process-based model</marc:subfield>
</marc:datafield>
<marc:subfield xmlns:marc="http://www.loc.gov/MARC21/slim" code="a">Process-based model</marc:subfield>Process-based model
        <marc:datafield xmlns:marc="http://www.loc.gov/MARC21/slim"
                tag="653"
                ind1=" "
                ind2="0">
   <marc:subfield code="a">Carbon allocation</marc:subfield>
</marc:datafield>
<marc:subfield xmlns:marc="http://www.loc.gov/MARC21/slim" code="a">Carbon allocation</marc:subfield>Carbon allocation
        <marc:datafield xmlns:marc="http://www.loc.gov/MARC21/slim"
                tag="653"
                ind1=" "
                ind2="0">
   <marc:subfield code="a">Climate change</marc:subfield>
</marc:datafield>
<marc:subfield xmlns:marc="http://www.loc.gov/MARC21/slim" code="a">Climate change</marc:subfield>Climate change
        <marc:datafield xmlns:marc="http://www.loc.gov/MARC21/slim"
                tag="700"
                ind1="1"
                ind2=" ">
   <marc:subfield code="a">Agossou, Casimir</marc:subfield>
   <marc:subfield code="e">author</marc:subfield>
   <marc:subfield code="u">Department of Environmental Science, Kangwon National University,
                Chuncheon 200-701, Republic of Korea</marc:subfield>
</marc:datafield>
<marc:subfield xmlns:marc="http://www.loc.gov/MARC21/slim" code="a">Agossou, Casimir</marc:subfield>Agossou, Casimir
            <marc:subfield xmlns:marc="http://www.loc.gov/MARC21/slim" code="e">author</marc:subfield>author
            <marc:subfield xmlns:marc="http://www.loc.gov/MARC21/slim" code="u">Department of Environmental Science, Kangwon National University,
                Chuncheon 200-701, Republic of Korea</marc:subfield>Department of Environmental Science, Kangwon National University,
                Chuncheon 200-701, Republic of Korea
        <marc:datafield xmlns:marc="http://www.loc.gov/MARC21/slim"
                tag="700"
                ind1="1"
                ind2=" ">
   <marc:subfield code="a">Kim, Eunsook</marc:subfield>
   <marc:subfield code="e">author</marc:subfield>
   <marc:subfield code="u">Forest Ecology and Climate Change Division, National Institute of
                Forest Science, Seoul, Republic of Korea</marc:subfield>
</marc:datafield>
<marc:subfield xmlns:marc="http://www.loc.gov/MARC21/slim" code="a">Kim, Eunsook</marc:subfield>Kim, Eunsook
            <marc:subfield xmlns:marc="http://www.loc.gov/MARC21/slim" code="e">author</marc:subfield>author
            <marc:subfield xmlns:marc="http://www.loc.gov/MARC21/slim" code="u">Forest Ecology and Climate Change Division, National Institute of
                Forest Science, Seoul, Republic of Korea</marc:subfield>Forest Ecology and Climate Change Division, National Institute of
                Forest Science, Seoul, Republic of Korea
        <marc:datafield xmlns:marc="http://www.loc.gov/MARC21/slim"
                tag="700"
                ind1="1"
                ind2=" ">
   <marc:subfield code="a">Lim, Jong-Hwan</marc:subfield>
   <marc:subfield code="e">author</marc:subfield>
   <marc:subfield code="u">Forest Ecology and Climate Change Division, National Institute of
                Forest Science, Seoul, Republic of Korea</marc:subfield>
</marc:datafield>
<marc:subfield xmlns:marc="http://www.loc.gov/MARC21/slim" code="a">Lim, Jong-Hwan</marc:subfield>Lim, Jong-Hwan
            <marc:subfield xmlns:marc="http://www.loc.gov/MARC21/slim" code="e">author</marc:subfield>author
            <marc:subfield xmlns:marc="http://www.loc.gov/MARC21/slim" code="u">Forest Ecology and Climate Change Division, National Institute of
                Forest Science, Seoul, Republic of Korea</marc:subfield>Forest Ecology and Climate Change Division, National Institute of
                Forest Science, Seoul, Republic of Korea
        <marc:datafield xmlns:marc="http://www.loc.gov/MARC21/slim"
                tag="700"
                ind1="1"
                ind2=" ">
   <marc:subfield code="a">Hwang, Taehee</marc:subfield>
   <marc:subfield code="e">author</marc:subfield>
   <marc:subfield code="u">Department of Geography, Indiana University Bloomington, Indiana,
                USA</marc:subfield>
</marc:datafield>
<marc:subfield xmlns:marc="http://www.loc.gov/MARC21/slim" code="a">Hwang, Taehee</marc:subfield>Hwang, Taehee
            <marc:subfield xmlns:marc="http://www.loc.gov/MARC21/slim" code="e">author</marc:subfield>author
            <marc:subfield xmlns:marc="http://www.loc.gov/MARC21/slim" code="u">Department of Geography, Indiana University Bloomington, Indiana,
                USA</marc:subfield>Department of Geography, Indiana University Bloomington, Indiana,
                USA
        <marc:datafield xmlns:marc="http://www.loc.gov/MARC21/slim"
                tag="700"
                ind1="1"
                ind2=" ">
   <marc:subfield code="a">Kang, Sinkyu</marc:subfield>
   <marc:subfield code="e">author</marc:subfield>
   <marc:subfield code="u">Department of Environmental Science, Kangwon National University,
                Chuncheon 200-701, Republic of Korea</marc:subfield>
</marc:datafield>
<marc:subfield xmlns:marc="http://www.loc.gov/MARC21/slim" code="a">Kang, Sinkyu</marc:subfield>Kang, Sinkyu
            <marc:subfield xmlns:marc="http://www.loc.gov/MARC21/slim" code="e">author</marc:subfield>author
            <marc:subfield xmlns:marc="http://www.loc.gov/MARC21/slim" code="u">Department of Environmental Science, Kangwon National University,
                Chuncheon 200-701, Republic of Korea</marc:subfield>Department of Environmental Science, Kangwon National University,
                Chuncheon 200-701, Republic of Korea
        <marc:datafield xmlns:marc="http://www.loc.gov/MARC21/slim"
                tag="773"
                ind1="0"
                ind2=" ">
   <marc:subfield code="t">Ecological informatics.</marc:subfield>
   <marc:subfield code="g">2022 Sept., v. 70 p.101695-</marc:subfield>
   <marc:subfield code="d">Elsevier B.V.</marc:subfield>
   <marc:subfield code="w">Journal:2190</marc:subfield>
   <marc:subfield code="x">1574-9541</marc:subfield>
   <marc:subfield code="7">nnas</marc:subfield>
</marc:datafield>
<marc:subfield xmlns:marc="http://www.loc.gov/MARC21/slim" code="t">Ecological informatics.</marc:subfield>Ecological informatics.
            <marc:subfield xmlns:marc="http://www.loc.gov/MARC21/slim" code="g">2022 Sept., v. 70 p.101695-</marc:subfield>2022 Sept., v. 70 p.101695-
            <marc:subfield xmlns:marc="http://www.loc.gov/MARC21/slim" code="d">Elsevier B.V.</marc:subfield>Elsevier B.V.
            <marc:subfield xmlns:marc="http://www.loc.gov/MARC21/slim" code="w">Journal:2190</marc:subfield>Journal:2190
            <marc:subfield xmlns:marc="http://www.loc.gov/MARC21/slim" code="x">1574-9541</marc:subfield>1574-9541
            <marc:subfield xmlns:marc="http://www.loc.gov/MARC21/slim" code="7">nnas</marc:subfield>nnas
        <marc:datafield xmlns:marc="http://www.loc.gov/MARC21/slim"
                tag="787"
                ind1="1"
                ind2=" ">
   <marc:subfield code="o">islandora_article_repository</marc:subfield>
</marc:datafield>
<marc:subfield xmlns:marc="http://www.loc.gov/MARC21/slim" code="o">islandora_article_repository</marc:subfield>islandora_article_repository
        <marc:datafield xmlns:marc="http://www.loc.gov/MARC21/slim"
                tag="787"
                ind1="1"
                ind2=" ">
   <marc:subfield code="o">product_pubag</marc:subfield>
</marc:datafield>
<marc:subfield xmlns:marc="http://www.loc.gov/MARC21/slim" code="o">product_pubag</marc:subfield>product_pubag
        <marc:datafield xmlns:marc="http://www.loc.gov/MARC21/slim"
                tag="787"
                ind1="1"
                ind2=" ">
   <marc:subfield code="o">(Journal)2190</marc:subfield>
</marc:datafield>
<marc:subfield xmlns:marc="http://www.loc.gov/MARC21/slim" code="o">(Journal)2190</marc:subfield>(Journal)2190
        <marc:datafield xmlns:marc="http://www.loc.gov/MARC21/slim"
                tag="856"
                ind1="4"
                ind2="0">
   <marc:subfield code="u">https://dx.doi.org/10.1016/j.ecoinf.2022.101695</marc:subfield>
   <marc:subfield code="3">Available from publisher's site</marc:subfield>
</marc:datafield>
<marc:subfield xmlns:marc="http://www.loc.gov/MARC21/slim" code="u">https://dx.doi.org/10.1016/j.ecoinf.2022.101695</marc:subfield>https://dx.doi.org/10.1016/j.ecoinf.2022.101695
            <marc:subfield xmlns:marc="http://www.loc.gov/MARC21/slim" code="3">Available from publisher's site</marc:subfield>Available from publisher's site
        <marc:datafield xmlns:marc="http://www.loc.gov/MARC21/slim"
                tag="912"
                ind1=" "
                ind2=" ">
   <marc:subfield code="a">Article</marc:subfield>
</marc:datafield>
<marc:subfield xmlns:marc="http://www.loc.gov/MARC21/slim" code="a">Article</marc:subfield>Article
        <marc:datafield xmlns:marc="http://www.loc.gov/MARC21/slim"
                tag="914"
                ind1=" "
                ind2=" ">
   <marc:subfield code="a">Journal:2190</marc:subfield>
   <marc:subfield code="b">1574-9541</marc:subfield>
   <marc:subfield code="e">101695</marc:subfield>
</marc:datafield>
<marc:subfield xmlns:marc="http://www.loc.gov/MARC21/slim" code="a">Journal:2190</marc:subfield>Journal:2190
            <marc:subfield xmlns:marc="http://www.loc.gov/MARC21/slim" code="b">1574-9541</marc:subfield>1574-9541
            <marc:subfield xmlns:marc="http://www.loc.gov/MARC21/slim" code="e">101695</marc:subfield>101695
        <marc:datafield xmlns:marc="http://www.loc.gov/MARC21/slim"
                tag="914"
                ind1=" "
                ind2=" ">
   <marc:subfield code="f">Ecological informatics</marc:subfield>
</marc:datafield>
<marc:subfield xmlns:marc="http://www.loc.gov/MARC21/slim" code="f">Ecological informatics</marc:subfield>Ecological informatics
        <marc:datafield xmlns:marc="http://www.loc.gov/MARC21/slim"
                tag="917"
                ind1=" "
                ind2=" ">
   <marc:subfield code="a">issued</marc:subfield>
</marc:datafield>
<marc:subfield xmlns:marc="http://www.loc.gov/MARC21/slim" code="a">issued</marc:subfield>issued
        <marc:datafield xmlns:marc="http://www.loc.gov/MARC21/slim"
                tag="918"
                ind1="2"
                ind2=" ">
   <marc:subfield code="a">Elsevier Consyn</marc:subfield>
   <marc:subfield code="e">provider</marc:subfield>
   <marc:subfield code="5">DNAL</marc:subfield>
</marc:datafield>
<marc:subfield xmlns:marc="http://www.loc.gov/MARC21/slim" code="a">Elsevier Consyn</marc:subfield>Elsevier Consyn
            <marc:subfield xmlns:marc="http://www.loc.gov/MARC21/slim" code="e">provider</marc:subfield>provider
            <marc:subfield xmlns:marc="http://www.loc.gov/MARC21/slim" code="5">DNAL</marc:subfield>DNAL
        <marc:datafield xmlns:marc="http://www.loc.gov/MARC21/slim"
                tag="935"
                ind1=" "
                ind2=" ">
   <marc:subfield code="a">IND607785912</marc:subfield>
   <marc:subfield code="9">ExL</marc:subfield>
</marc:datafield>
<marc:subfield xmlns:marc="http://www.loc.gov/MARC21/slim" code="a">IND607785912</marc:subfield>IND607785912
            <marc:subfield xmlns:marc="http://www.loc.gov/MARC21/slim" code="9">ExL</marc:subfield>ExL
        <marc:datafield xmlns:marc="http://www.loc.gov/MARC21/slim"
                tag="949"
                ind1=" "
                ind2=" ">
   <marc:subfield code="a">2022-05-29</marc:subfield>
</marc:datafield>
<marc:subfield xmlns:marc="http://www.loc.gov/MARC21/slim" code="a">2022-05-29</marc:subfield>2022-05-29
        <marc:datafield xmlns:marc="http://www.loc.gov/MARC21/slim"
                tag="953"
                ind1=" "
                ind2=" ">
   <marc:subfield code="a">/data/metadata/incoming/consyn/121246409303567675-00002-HEAD-ONLY-REVISEDSUBJECTLIST.ZIP</marc:subfield>
</marc:datafield>
<marc:subfield xmlns:marc="http://www.loc.gov/MARC21/slim" code="a">/data/metadata/incoming/consyn/121246409303567675-00002-HEAD-ONLY-REVISEDSUBJECTLIST.ZIP</marc:subfield>/data/metadata/incoming/consyn/121246409303567675-00002-HEAD-ONLY-REVISEDSUBJECTLIST.ZIP
        <marc:datafield xmlns:marc="http://www.loc.gov/MARC21/slim"
                tag="954"
                ind1=" "
                ind2=" ">
   <marc:subfield code="a">file:/data/metadata/staging/consyn/S1574954122001455.xml</marc:subfield>
</marc:datafield>
<marc:subfield xmlns:marc="http://www.loc.gov/MARC21/slim" code="a">file:/data/metadata/staging/consyn/S1574954122001455.xml</marc:subfield>file:/data/metadata/staging/consyn/S1574954122001455.xml
        <marc:datafield xmlns:marc="http://www.loc.gov/MARC21/slim"
                tag="955"
                ind1=" "
                ind2=" ">
   <marc:subfield code="a">/data/metadata/staging/consyn/</marc:subfield>
</marc:datafield>
<marc:subfield xmlns:marc="http://www.loc.gov/MARC21/slim" code="a">/data/metadata/staging/consyn/</marc:subfield>/data/metadata/staging/consyn/
        <marc:datafield xmlns:marc="http://www.loc.gov/MARC21/slim"
                tag="974"
                ind1=" "
                ind2=" ">
   <marc:subfield code="a">agid:7785912</marc:subfield>
</marc:datafield>
<marc:subfield xmlns:marc="http://www.loc.gov/MARC21/slim" code="a">agid:7785912</marc:subfield>agid:7785912
        <marc:datafield xmlns:marc="http://www.loc.gov/MARC21/slim"
                tag="983"
                ind1=" "
                ind2=" ">
   <marc:subfield code="a">2022-09-05</marc:subfield>
</marc:datafield>
<marc:subfield xmlns:marc="http://www.loc.gov/MARC21/slim" code="a">2022-09-05</marc:subfield>2022-09-05
        <marc:datafield xmlns:marc="http://www.loc.gov/MARC21/slim"
                tag="984"
                ind1=" "
                ind2=" ">
   <marc:subfield code="a">2022-09-05</marc:subfield>
</marc:datafield>
<marc:subfield xmlns:marc="http://www.loc.gov/MARC21/slim" code="a">2022-09-05</marc:subfield>2022-09-05
    <marc:record xmlns:marc="http://www.loc.gov/MARC21/slim">
   <marc:leader>05178nab a2200661 u 4500</marc:leader>
   <marc:controlfield tag="001">9915611022607426</marc:controlfield>
   <marc:controlfield tag="005">20221118223158.0</marc:controlfield>
   <marc:controlfield tag="008">220211e202202 xx |||||o|||||||||||eng||</marc:controlfield>
   <marc:datafield tag="016" ind1="7" ind2=" ">
      <marc:subfield code="a">IND607667053</marc:subfield>
      <marc:subfield code="2">DNAL</marc:subfield>
   </marc:datafield>
   <marc:datafield tag="024" ind1="7" ind2=" ">
      <marc:subfield code="a">10.1111/1365-2745.13812</marc:subfield>
      <marc:subfield code="2">doi</marc:subfield>
   </marc:datafield>
   <marc:datafield tag="035" ind1=" " ind2=" ">
      <marc:subfield code="a">agid:7667053-01nal_inst</marc:subfield>
   </marc:datafield>
   <marc:datafield tag="040" ind1=" " ind2=" ">
      <marc:subfield code="a">AGL</marc:subfield>
      <marc:subfield code="b">eng</marc:subfield>
      <marc:subfield code="c">AGL</marc:subfield>
   </marc:datafield>
   <marc:datafield tag="100" ind1="1" ind2=" ">
      <marc:subfield code="a">Ernst, Adrienne R.</marc:subfield>
      <marc:subfield code="e">author</marc:subfield>
      <marc:subfield code="u">Plant Biology and Conservation, Northwestern University, Evanston,
                IL, USA</marc:subfield>
      <marc:subfield code="1">https://orcid.org/0000-0002-8507-6869</marc:subfield>
   </marc:datafield>
   <marc:datafield tag="245" ind1="1" ind2="4">
      <marc:subfield code="a">The invasion paradox dissolves when using phylogenetic and temporal
                perspectives</marc:subfield>
   </marc:datafield>
   <marc:datafield tag="300" ind1=" " ind2=" ">
      <marc:subfield code="a">p. 443-456.</marc:subfield>
   </marc:datafield>
   <marc:datafield tag="500" ind1=" " ind2=" ">
      <marc:subfield code="a">JOURNAL ARTICLE</marc:subfield>
   </marc:datafield>
   <marc:datafield tag="520" ind1=" " ind2=" ">
      <marc:subfield code="a">The prediction that higher biodiversity leads to denser niche packing
                and thus higher community resistance to invasion has long been studied, with species
                richness as the predominant measure of diversity. However, few studies have explored
                how phylogenetic and functional diversity, which should represent niche space more
                faithfully than taxonomic diversity, influence community invasibility, especially
                across longer time frames and over larger spatial extents. We used a 15‐year,
                150‐site grassland dataset to assess relationships between invasive plant abundance
                and phylogenetic, functional and taxonomic diversity of recipient native plant
                communities. We analysed the dataset both pooled across all surveys and
                longitudinally, leveraging time‐series data to compare observed patterns in invasion
                with those predicted by two community assembly processes: biotic resistance and
                competitive exclusion. We expected more phylogenetically and functionally diverse
                communities to exhibit greater resistance to invasion. With the pooled dataset, we
                found support for the long‐standing observation that communities with more native
                species have lower abundance of invasive species, and a more novel finding that more
                phylogenetically diverse communities had higher abundance of invasive species. We
                found no influence of aggregate (multivariate) functional diversity on invasion, but
                assemblages with taller plants, lower variability in plant height and lower seed
                mass were less invaded. Viewed longitudinally, the phylogenetic diversity
                relationship was reversed: the most phylogenetically diverse communities were most
                resistant to invasion. This apparent discrepancy suggests invasion dynamics are
                influenced by both site attributes and biotic resistance and emphasizes the value in
                studying invasion across time. Synthesis. Our results provide insight into the
                nuances of the diversity–invasibility relationship: invasion dynamics differed for
                different dimensions of diversity and depending on whether the relationship was
                evaluated longitudinally. Our findings highlight the limitations of using single
                time‐point ‘snapshots’ of community composition to infer invasion
                mechanisms.</marc:subfield>
   </marc:datafield>
   <marc:datafield tag="592" ind1=" " ind2=" ">
      <marc:subfield code="a">Publisher supplied data</marc:subfield>
   </marc:datafield>
   <marc:datafield tag="593" ind1=" " ind2=" ">
      <marc:subfield code="a">PubAg article</marc:subfield>
   </marc:datafield>
   <marc:datafield tag="596" ind1=" " ind2=" ">
      <marc:subfield code="a">DGE‐1842165</marc:subfield>
      <marc:subfield code="c">National Science Foundation</marc:subfield>
   </marc:datafield>
   <marc:datafield tag="650" ind1=" " ind2="3">
      <marc:subfield code="a">community structure</marc:subfield>
   </marc:datafield>
   <marc:datafield tag="650" ind1=" " ind2="3">
      <marc:subfield code="a">competitive exclusion</marc:subfield>
   </marc:datafield>
   <marc:datafield tag="650" ind1=" " ind2="3">
      <marc:subfield code="a">data collection</marc:subfield>
   </marc:datafield>
   <marc:datafield tag="650" ind1=" " ind2="3">
      <marc:subfield code="a">functional diversity</marc:subfield>
   </marc:datafield>
   <marc:datafield tag="650" ind1=" " ind2="3">
      <marc:subfield code="a">grasslands</marc:subfield>
   </marc:datafield>
   <marc:datafield tag="650" ind1=" " ind2="3">
      <marc:subfield code="a">indigenous species</marc:subfield>
   </marc:datafield>
   <marc:datafield tag="650" ind1=" " ind2="3">
      <marc:subfield code="a">invasive species</marc:subfield>
   </marc:datafield>
   <marc:datafield tag="650" ind1=" " ind2="3">
      <marc:subfield code="a">phylogeny</marc:subfield>
   </marc:datafield>
   <marc:datafield tag="650" ind1=" " ind2="3">
      <marc:subfield code="a">plant height</marc:subfield>
   </marc:datafield>
   <marc:datafield tag="650" ind1=" " ind2="3">
      <marc:subfield code="a">prediction</marc:subfield>
   </marc:datafield>
   <marc:datafield tag="650" ind1=" " ind2="3">
      <marc:subfield code="a">seed weight</marc:subfield>
   </marc:datafield>
   <marc:datafield tag="650" ind1=" " ind2="3">
      <marc:subfield code="a">species richness</marc:subfield>
   </marc:datafield>
   <marc:datafield tag="650" ind1=" " ind2="3">
      <marc:subfield code="a">time series analysis</marc:subfield>
   </marc:datafield>
   <marc:datafield tag="700" ind1="1" ind2=" ">
      <marc:subfield code="a">Barak, Rebecca S.</marc:subfield>
      <marc:subfield code="e">author</marc:subfield>
      <marc:subfield code="u">Negaunee Institute for Plant Conservation Science and Action, Chicago
                Botanic Garden, Glencoe, IL, USA</marc:subfield>
      <marc:subfield code="1">https://orcid.org/0000-0003-2908-2436</marc:subfield>
   </marc:datafield>
   <marc:datafield tag="700" ind1="1" ind2=" ">
      <marc:subfield code="a">Hipp, Andrew L.</marc:subfield>
      <marc:subfield code="e">author</marc:subfield>
      <marc:subfield code="u">Center for Tree Science, The Morton Arboretum, Lisle, IL,
                USA</marc:subfield>
      <marc:subfield code="1">https://orcid.org/0000-0002-1241-9904</marc:subfield>
   </marc:datafield>
   <marc:datafield tag="700" ind1="1" ind2=" ">
      <marc:subfield code="a">Kramer, Andrea T.</marc:subfield>
      <marc:subfield code="e">author</marc:subfield>
      <marc:subfield code="u">Negaunee Institute for Plant Conservation Science and Action, Chicago
                Botanic Garden, Glencoe, IL, USA</marc:subfield>
      <marc:subfield code="1">https://orcid.org/0000-0002-0956-0157</marc:subfield>
   </marc:datafield>
   <marc:datafield tag="700" ind1="1" ind2=" ">
      <marc:subfield code="a">Marx, Hannah E.</marc:subfield>
      <marc:subfield code="e">author</marc:subfield>
      <marc:subfield code="u">Deparment of Biology, University of New Mexico, Albuquerque, NM,
                USA</marc:subfield>
      <marc:subfield code="1">https://orcid.org/0000-0002-3526-7878</marc:subfield>
   </marc:datafield>
   <marc:datafield tag="700" ind1="1" ind2=" ">
      <marc:subfield code="a">Larkin, Daniel J.</marc:subfield>
      <marc:subfield code="e">author</marc:subfield>
      <marc:subfield code="u">Department of Fisheries, Wildlife, and Conservation Biology,
                University of Minnesota, St. Paul, MN, USA</marc:subfield>
      <marc:subfield code="1">https://orcid.org/0000-0001-6378-0495</marc:subfield>
   </marc:datafield>
   <marc:datafield tag="773" ind1="0" ind2=" ">
      <marc:subfield code="t">journal of ecology.</marc:subfield>
      <marc:subfield code="g">2022 Feb., v. 110, no. 2 p.443-456</marc:subfield>
      <marc:subfield code="d">John Wiley &amp; Sons, Ltd</marc:subfield>
      <marc:subfield code="w">Journal:jnl44660</marc:subfield>
      <marc:subfield code="x">0022-0477</marc:subfield>
      <marc:subfield code="7">nnas</marc:subfield>
   </marc:datafield>
   <marc:datafield tag="787" ind1="1" ind2=" ">
      <marc:subfield code="o">islandora_article_repository</marc:subfield>
   </marc:datafield>
   <marc:datafield tag="787" ind1="1" ind2=" ">
      <marc:subfield code="o">product_pubag</marc:subfield>
   </marc:datafield>
   <marc:datafield tag="787" ind1="1" ind2=" ">
      <marc:subfield code="o">(Journal)jnl44660</marc:subfield>
   </marc:datafield>
   <marc:datafield tag="856" ind1="4" ind2="0">
      <marc:subfield code="u">https://dx.doi.org/10.1111/1365-2745.13812</marc:subfield>
      <marc:subfield code="3">Available from publisher's site</marc:subfield>
   </marc:datafield>
   <marc:datafield tag="912" ind1=" " ind2=" ">
      <marc:subfield code="a">Article</marc:subfield>
   </marc:datafield>
   <marc:datafield tag="914" ind1=" " ind2=" ">
      <marc:subfield code="a">Journal:jnl44660</marc:subfield>
      <marc:subfield code="b">0022-0477</marc:subfield>
      <marc:subfield code="c">110</marc:subfield>
      <marc:subfield code="d">2</marc:subfield>
      <marc:subfield code="e">443</marc:subfield>
   </marc:datafield>
   <marc:datafield tag="914" ind1=" " ind2=" ">
      <marc:subfield code="f">journal of ecology</marc:subfield>
   </marc:datafield>
   <marc:datafield tag="916" ind1=" " ind2=" ">
      <marc:subfield code="a">Batch:10229</marc:subfield>
   </marc:datafield>
   <marc:datafield tag="917" ind1=" " ind2=" ">
      <marc:subfield code="a">issued</marc:subfield>
   </marc:datafield>
   <marc:datafield tag="918" ind1="2" ind2=" ">
      <marc:subfield code="a">John Wiley &amp; Sons, Inc</marc:subfield>
      <marc:subfield code="e">provider</marc:subfield>
      <marc:subfield code="5">DNAL</marc:subfield>
   </marc:datafield>
   <marc:datafield tag="935" ind1=" " ind2=" ">
      <marc:subfield code="a">IND607667053</marc:subfield>
      <marc:subfield code="9">ExL</marc:subfield>
   </marc:datafield>
   <marc:datafield tag="949" ind1=" " ind2=" ">
      <marc:subfield code="a">2022-02-22</marc:subfield>
   </marc:datafield>
   <marc:datafield tag="952" ind1=" " ind2=" ">
      <marc:subfield code="d">NAL-AP-2-clean</marc:subfield>
   </marc:datafield>
   <marc:datafield tag="953" ind1=" " ind2=" ">
      <marc:subfield code="a">/data/metadata/incoming/wiley/00220477_2022_110_2.xml</marc:subfield>
   </marc:datafield>
   <marc:datafield tag="954" ind1=" " ind2=" ">
      <marc:subfield code="a">file:/data/metadata/staging/wiley/00220477_2022_110_2.xml</marc:subfield>
   </marc:datafield>
   <marc:datafield tag="955" ind1=" " ind2=" ">
      <marc:subfield code="a">/data/metadata/staging/wiley/</marc:subfield>
   </marc:datafield>
   <marc:datafield tag="974" ind1=" " ind2=" ">
      <marc:subfield code="a">agid:7667053</marc:subfield>
   </marc:datafield>
   <marc:datafield tag="983" ind1=" " ind2=" ">
      <marc:subfield code="a">2022-02-11</marc:subfield>
   </marc:datafield>
   <marc:datafield tag="984" ind1=" " ind2=" ">
      <marc:subfield code="a">2022-02-21</marc:subfield>
   </marc:datafield>
</marc:record>