
<marc:leader xmlns:marc="http://www.loc.gov/MARC21/slim">05178nab a2200661 u 4500</marc:leader>05178nab a2200661 u 4500
        <marc:controlfield xmlns:marc="http://www.loc.gov/MARC21/slim" tag="001">9915611022607426</marc:controlfield>9915611022607426
        <marc:controlfield xmlns:marc="http://www.loc.gov/MARC21/slim" tag="005">20221118223158.0</marc:controlfield>20221118223158.0
        <marc:controlfield xmlns:marc="http://www.loc.gov/MARC21/slim" tag="008">220211e202202 xx |||||o|||||||||||eng||</marc:controlfield>220211e202202 xx |||||o|||||||||||eng||
        <marc:datafield xmlns:marc="http://www.loc.gov/MARC21/slim"
                tag="016"
                ind1="7"
                ind2=" ">
   <marc:subfield code="a">IND607667053</marc:subfield>
   <marc:subfield code="2">DNAL</marc:subfield>
</marc:datafield>
<marc:subfield xmlns:marc="http://www.loc.gov/MARC21/slim" code="a">IND607667053</marc:subfield>IND607667053
            <marc:subfield xmlns:marc="http://www.loc.gov/MARC21/slim" code="2">DNAL</marc:subfield>DNAL
        <marc:datafield xmlns:marc="http://www.loc.gov/MARC21/slim"
                tag="024"
                ind1="7"
                ind2=" ">
   <marc:subfield code="a">10.1111/1365-2745.13812</marc:subfield>
   <marc:subfield code="2">doi</marc:subfield>
</marc:datafield>
<marc:subfield xmlns:marc="http://www.loc.gov/MARC21/slim" code="a">10.1111/1365-2745.13812</marc:subfield>10.1111/1365-2745.13812
            <marc:subfield xmlns:marc="http://www.loc.gov/MARC21/slim" code="2">doi</marc:subfield>doi
        <marc:datafield xmlns:marc="http://www.loc.gov/MARC21/slim"
                tag="035"
                ind1=" "
                ind2=" ">
   <marc:subfield code="a">agid:7667053-01nal_inst</marc:subfield>
</marc:datafield>
<marc:subfield xmlns:marc="http://www.loc.gov/MARC21/slim" code="a">agid:7667053-01nal_inst</marc:subfield>agid:7667053-01nal_inst
        <marc:datafield xmlns:marc="http://www.loc.gov/MARC21/slim"
                tag="040"
                ind1=" "
                ind2=" ">
   <marc:subfield code="a">AGL</marc:subfield>
   <marc:subfield code="b">eng</marc:subfield>
   <marc:subfield code="c">AGL</marc:subfield>
</marc:datafield>
<marc:subfield xmlns:marc="http://www.loc.gov/MARC21/slim" code="a">AGL</marc:subfield>AGL
            <marc:subfield xmlns:marc="http://www.loc.gov/MARC21/slim" code="b">eng</marc:subfield>eng
            <marc:subfield xmlns:marc="http://www.loc.gov/MARC21/slim" code="c">AGL</marc:subfield>AGL
        <marc:datafield xmlns:marc="http://www.loc.gov/MARC21/slim"
                tag="100"
                ind1="1"
                ind2=" ">
   <marc:subfield code="a">Ernst, Adrienne R.</marc:subfield>
   <marc:subfield code="e">author</marc:subfield>
   <marc:subfield code="u">Plant Biology and Conservation, Northwestern University, Evanston,
                IL, USA</marc:subfield>
   <marc:subfield code="1">https://orcid.org/0000-0002-8507-6869</marc:subfield>
</marc:datafield>
<marc:subfield xmlns:marc="http://www.loc.gov/MARC21/slim" code="a">Ernst, Adrienne R.</marc:subfield>Ernst, Adrienne R.
            <marc:subfield xmlns:marc="http://www.loc.gov/MARC21/slim" code="e">author</marc:subfield>author
            <marc:subfield xmlns:marc="http://www.loc.gov/MARC21/slim" code="u">Plant Biology and Conservation, Northwestern University, Evanston,
                IL, USA</marc:subfield>Plant Biology and Conservation, Northwestern University, Evanston,
                IL, USA
            <marc:subfield xmlns:marc="http://www.loc.gov/MARC21/slim" code="1">https://orcid.org/0000-0002-8507-6869</marc:subfield>https://orcid.org/0000-0002-8507-6869
        <marc:datafield xmlns:marc="http://www.loc.gov/MARC21/slim"
                tag="245"
                ind1="1"
                ind2="4">
   <marc:subfield code="a">The invasion paradox dissolves when using phylogenetic and temporal
                perspectives</marc:subfield>
</marc:datafield>
<marc:subfield xmlns:marc="http://www.loc.gov/MARC21/slim" code="a">The invasion paradox dissolves when using phylogenetic and temporal
                perspectives</marc:subfield>The invasion paradox dissolves when using phylogenetic and temporal
                perspectives
        <marc:datafield xmlns:marc="http://www.loc.gov/MARC21/slim"
                tag="300"
                ind1=" "
                ind2=" ">
   <marc:subfield code="a">p. 443-456.</marc:subfield>
</marc:datafield>
<marc:subfield xmlns:marc="http://www.loc.gov/MARC21/slim" code="a">p. 443-456.</marc:subfield>p. 443-456.
        <marc:datafield xmlns:marc="http://www.loc.gov/MARC21/slim"
                tag="500"
                ind1=" "
                ind2=" ">
   <marc:subfield code="a">JOURNAL ARTICLE</marc:subfield>
</marc:datafield>
<marc:subfield xmlns:marc="http://www.loc.gov/MARC21/slim" code="a">JOURNAL ARTICLE</marc:subfield>JOURNAL ARTICLE
        <marc:datafield xmlns:marc="http://www.loc.gov/MARC21/slim"
                tag="520"
                ind1=" "
                ind2=" ">
   <marc:subfield code="a">The prediction that higher biodiversity leads to denser niche packing
                and thus higher community resistance to invasion has long been studied, with species
                richness as the predominant measure of diversity. However, few studies have explored
                how phylogenetic and functional diversity, which should represent niche space more
                faithfully than taxonomic diversity, influence community invasibility, especially
                across longer time frames and over larger spatial extents. We used a 15‐year,
                150‐site grassland dataset to assess relationships between invasive plant abundance
                and phylogenetic, functional and taxonomic diversity of recipient native plant
                communities. We analysed the dataset both pooled across all surveys and
                longitudinally, leveraging time‐series data to compare observed patterns in invasion
                with those predicted by two community assembly processes: biotic resistance and
                competitive exclusion. We expected more phylogenetically and functionally diverse
                communities to exhibit greater resistance to invasion. With the pooled dataset, we
                found support for the long‐standing observation that communities with more native
                species have lower abundance of invasive species, and a more novel finding that more
                phylogenetically diverse communities had higher abundance of invasive species. We
                found no influence of aggregate (multivariate) functional diversity on invasion, but
                assemblages with taller plants, lower variability in plant height and lower seed
                mass were less invaded. Viewed longitudinally, the phylogenetic diversity
                relationship was reversed: the most phylogenetically diverse communities were most
                resistant to invasion. This apparent discrepancy suggests invasion dynamics are
                influenced by both site attributes and biotic resistance and emphasizes the value in
                studying invasion across time. Synthesis. Our results provide insight into the
                nuances of the diversity–invasibility relationship: invasion dynamics differed for
                different dimensions of diversity and depending on whether the relationship was
                evaluated longitudinally. Our findings highlight the limitations of using single
                time‐point ‘snapshots’ of community composition to infer invasion
                mechanisms.</marc:subfield>
</marc:datafield>
<marc:subfield xmlns:marc="http://www.loc.gov/MARC21/slim" code="a">The prediction that higher biodiversity leads to denser niche packing
                and thus higher community resistance to invasion has long been studied, with species
                richness as the predominant measure of diversity. However, few studies have explored
                how phylogenetic and functional diversity, which should represent niche space more
                faithfully than taxonomic diversity, influence community invasibility, especially
                across longer time frames and over larger spatial extents. We used a 15‐year,
                150‐site grassland dataset to assess relationships between invasive plant abundance
                and phylogenetic, functional and taxonomic diversity of recipient native plant
                communities. We analysed the dataset both pooled across all surveys and
                longitudinally, leveraging time‐series data to compare observed patterns in invasion
                with those predicted by two community assembly processes: biotic resistance and
                competitive exclusion. We expected more phylogenetically and functionally diverse
                communities to exhibit greater resistance to invasion. With the pooled dataset, we
                found support for the long‐standing observation that communities with more native
                species have lower abundance of invasive species, and a more novel finding that more
                phylogenetically diverse communities had higher abundance of invasive species. We
                found no influence of aggregate (multivariate) functional diversity on invasion, but
                assemblages with taller plants, lower variability in plant height and lower seed
                mass were less invaded. Viewed longitudinally, the phylogenetic diversity
                relationship was reversed: the most phylogenetically diverse communities were most
                resistant to invasion. This apparent discrepancy suggests invasion dynamics are
                influenced by both site attributes and biotic resistance and emphasizes the value in
                studying invasion across time. Synthesis. Our results provide insight into the
                nuances of the diversity–invasibility relationship: invasion dynamics differed for
                different dimensions of diversity and depending on whether the relationship was
                evaluated longitudinally. Our findings highlight the limitations of using single
                time‐point ‘snapshots’ of community composition to infer invasion
                mechanisms.</marc:subfield>The prediction that higher biodiversity leads to denser niche packing
                and thus higher community resistance to invasion has long been studied, with species
                richness as the predominant measure of diversity. However, few studies have explored
                how phylogenetic and functional diversity, which should represent niche space more
                faithfully than taxonomic diversity, influence community invasibility, especially
                across longer time frames and over larger spatial extents. We used a 15‐year,
                150‐site grassland dataset to assess relationships between invasive plant abundance
                and phylogenetic, functional and taxonomic diversity of recipient native plant
                communities. We analysed the dataset both pooled across all surveys and
                longitudinally, leveraging time‐series data to compare observed patterns in invasion
                with those predicted by two community assembly processes: biotic resistance and
                competitive exclusion. We expected more phylogenetically and functionally diverse
                communities to exhibit greater resistance to invasion. With the pooled dataset, we
                found support for the long‐standing observation that communities with more native
                species have lower abundance of invasive species, and a more novel finding that more
                phylogenetically diverse communities had higher abundance of invasive species. We
                found no influence of aggregate (multivariate) functional diversity on invasion, but
                assemblages with taller plants, lower variability in plant height and lower seed
                mass were less invaded. Viewed longitudinally, the phylogenetic diversity
                relationship was reversed: the most phylogenetically diverse communities were most
                resistant to invasion. This apparent discrepancy suggests invasion dynamics are
                influenced by both site attributes and biotic resistance and emphasizes the value in
                studying invasion across time. Synthesis. Our results provide insight into the
                nuances of the diversity–invasibility relationship: invasion dynamics differed for
                different dimensions of diversity and depending on whether the relationship was
                evaluated longitudinally. Our findings highlight the limitations of using single
                time‐point ‘snapshots’ of community composition to infer invasion
                mechanisms.
        <marc:datafield xmlns:marc="http://www.loc.gov/MARC21/slim"
                tag="592"
                ind1=" "
                ind2=" ">
   <marc:subfield code="a">Publisher supplied data</marc:subfield>
</marc:datafield>
<marc:subfield xmlns:marc="http://www.loc.gov/MARC21/slim" code="a">Publisher supplied data</marc:subfield>Publisher supplied data
        <marc:datafield xmlns:marc="http://www.loc.gov/MARC21/slim"
                tag="593"
                ind1=" "
                ind2=" ">
   <marc:subfield code="a">PubAg article</marc:subfield>
</marc:datafield>
<marc:subfield xmlns:marc="http://www.loc.gov/MARC21/slim" code="a">PubAg article</marc:subfield>PubAg article
        <marc:datafield xmlns:marc="http://www.loc.gov/MARC21/slim"
                tag="596"
                ind1=" "
                ind2=" ">
   <marc:subfield code="a">DGE‐1842165</marc:subfield>
   <marc:subfield code="c">National Science Foundation</marc:subfield>
</marc:datafield>
<marc:subfield xmlns:marc="http://www.loc.gov/MARC21/slim" code="a">DGE‐1842165</marc:subfield>DGE‐1842165
            <marc:subfield xmlns:marc="http://www.loc.gov/MARC21/slim" code="c">National Science Foundation</marc:subfield>National Science Foundation
        <marc:datafield xmlns:marc="http://www.loc.gov/MARC21/slim"
                tag="650"
                ind1=" "
                ind2="3">
   <marc:subfield code="a">community structure</marc:subfield>
</marc:datafield>
<marc:subfield xmlns:marc="http://www.loc.gov/MARC21/slim" code="a">community structure</marc:subfield>community structure
        <marc:datafield xmlns:marc="http://www.loc.gov/MARC21/slim"
                tag="650"
                ind1=" "
                ind2="3">
   <marc:subfield code="a">competitive exclusion</marc:subfield>
</marc:datafield>
<marc:subfield xmlns:marc="http://www.loc.gov/MARC21/slim" code="a">competitive exclusion</marc:subfield>competitive exclusion
        <marc:datafield xmlns:marc="http://www.loc.gov/MARC21/slim"
                tag="650"
                ind1=" "
                ind2="3">
   <marc:subfield code="a">data collection</marc:subfield>
</marc:datafield>
<marc:subfield xmlns:marc="http://www.loc.gov/MARC21/slim" code="a">data collection</marc:subfield>data collection
        <marc:datafield xmlns:marc="http://www.loc.gov/MARC21/slim"
                tag="650"
                ind1=" "
                ind2="3">
   <marc:subfield code="a">functional diversity</marc:subfield>
</marc:datafield>
<marc:subfield xmlns:marc="http://www.loc.gov/MARC21/slim" code="a">functional diversity</marc:subfield>functional diversity
        <marc:datafield xmlns:marc="http://www.loc.gov/MARC21/slim"
                tag="650"
                ind1=" "
                ind2="3">
   <marc:subfield code="a">grasslands</marc:subfield>
</marc:datafield>
<marc:subfield xmlns:marc="http://www.loc.gov/MARC21/slim" code="a">grasslands</marc:subfield>grasslands
        <marc:datafield xmlns:marc="http://www.loc.gov/MARC21/slim"
                tag="650"
                ind1=" "
                ind2="3">
   <marc:subfield code="a">indigenous species</marc:subfield>
</marc:datafield>
<marc:subfield xmlns:marc="http://www.loc.gov/MARC21/slim" code="a">indigenous species</marc:subfield>indigenous species
        <marc:datafield xmlns:marc="http://www.loc.gov/MARC21/slim"
                tag="650"
                ind1=" "
                ind2="3">
   <marc:subfield code="a">invasive species</marc:subfield>
</marc:datafield>
<marc:subfield xmlns:marc="http://www.loc.gov/MARC21/slim" code="a">invasive species</marc:subfield>invasive species
        <marc:datafield xmlns:marc="http://www.loc.gov/MARC21/slim"
                tag="650"
                ind1=" "
                ind2="3">
   <marc:subfield code="a">phylogeny</marc:subfield>
</marc:datafield>
<marc:subfield xmlns:marc="http://www.loc.gov/MARC21/slim" code="a">phylogeny</marc:subfield>phylogeny
        <marc:datafield xmlns:marc="http://www.loc.gov/MARC21/slim"
                tag="650"
                ind1=" "
                ind2="3">
   <marc:subfield code="a">plant height</marc:subfield>
</marc:datafield>
<marc:subfield xmlns:marc="http://www.loc.gov/MARC21/slim" code="a">plant height</marc:subfield>plant height
        <marc:datafield xmlns:marc="http://www.loc.gov/MARC21/slim"
                tag="650"
                ind1=" "
                ind2="3">
   <marc:subfield code="a">prediction</marc:subfield>
</marc:datafield>
<marc:subfield xmlns:marc="http://www.loc.gov/MARC21/slim" code="a">prediction</marc:subfield>prediction
        <marc:datafield xmlns:marc="http://www.loc.gov/MARC21/slim"
                tag="650"
                ind1=" "
                ind2="3">
   <marc:subfield code="a">seed weight</marc:subfield>
</marc:datafield>
<marc:subfield xmlns:marc="http://www.loc.gov/MARC21/slim" code="a">seed weight</marc:subfield>seed weight
        <marc:datafield xmlns:marc="http://www.loc.gov/MARC21/slim"
                tag="650"
                ind1=" "
                ind2="3">
   <marc:subfield code="a">species richness</marc:subfield>
</marc:datafield>
<marc:subfield xmlns:marc="http://www.loc.gov/MARC21/slim" code="a">species richness</marc:subfield>species richness
        <marc:datafield xmlns:marc="http://www.loc.gov/MARC21/slim"
                tag="650"
                ind1=" "
                ind2="3">
   <marc:subfield code="a">time series analysis</marc:subfield>
</marc:datafield>
<marc:subfield xmlns:marc="http://www.loc.gov/MARC21/slim" code="a">time series analysis</marc:subfield>time series analysis
        <marc:datafield xmlns:marc="http://www.loc.gov/MARC21/slim"
                tag="700"
                ind1="1"
                ind2=" ">
   <marc:subfield code="a">Barak, Rebecca S.</marc:subfield>
   <marc:subfield code="e">author</marc:subfield>
   <marc:subfield code="u">Negaunee Institute for Plant Conservation Science and Action, Chicago
                Botanic Garden, Glencoe, IL, USA</marc:subfield>
   <marc:subfield code="1">https://orcid.org/0000-0003-2908-2436</marc:subfield>
</marc:datafield>
<marc:subfield xmlns:marc="http://www.loc.gov/MARC21/slim" code="a">Barak, Rebecca S.</marc:subfield>Barak, Rebecca S.
            <marc:subfield xmlns:marc="http://www.loc.gov/MARC21/slim" code="e">author</marc:subfield>author
            <marc:subfield xmlns:marc="http://www.loc.gov/MARC21/slim" code="u">Negaunee Institute for Plant Conservation Science and Action, Chicago
                Botanic Garden, Glencoe, IL, USA</marc:subfield>Negaunee Institute for Plant Conservation Science and Action, Chicago
                Botanic Garden, Glencoe, IL, USA
            <marc:subfield xmlns:marc="http://www.loc.gov/MARC21/slim" code="1">https://orcid.org/0000-0003-2908-2436</marc:subfield>https://orcid.org/0000-0003-2908-2436
        <marc:datafield xmlns:marc="http://www.loc.gov/MARC21/slim"
                tag="700"
                ind1="1"
                ind2=" ">
            <!--potential issue-->
   <marc:subfield code="a">Hipp, Andrew L.</marc:subfield>
   <marc:subfield code="e">author</marc:subfield>
   <marc:subfield code="u">Center for Tree Science, The Morton Arboretum, Lisle, IL,
                USA</marc:subfield>
   <!-- <subfield code="1">https://orcid.org/0000-0002-1241-9904</subfield>-->
   <marc:subfield code="1">https://viaf.org/viaf/1240586</marc:subfield>
   <!--An author with more that one 100 $1/700 $1-->
</marc:datafield>
<!--potential issue-->
<marc:subfield xmlns:marc="http://www.loc.gov/MARC21/slim" code="a">Hipp, Andrew L.</marc:subfield>Hipp, Andrew L.
            <marc:subfield xmlns:marc="http://www.loc.gov/MARC21/slim" code="e">author</marc:subfield>author
            <marc:subfield xmlns:marc="http://www.loc.gov/MARC21/slim" code="u">Center for Tree Science, The Morton Arboretum, Lisle, IL,
                USA</marc:subfield>Center for Tree Science, The Morton Arboretum, Lisle, IL,
                USA
            <!-- <subfield code="1">https://orcid.org/0000-0002-1241-9904</subfield>-->
            <marc:subfield xmlns:marc="http://www.loc.gov/MARC21/slim" code="1">https://viaf.org/viaf/1240586</marc:subfield>https://viaf.org/viaf/1240586
            <!--An author with more that one 100 $1/700 $1-->
        <marc:datafield xmlns:marc="http://www.loc.gov/MARC21/slim"
                tag="700"
                ind1="1"
                ind2=" ">
   <marc:subfield code="a">Kramer, Andrea T.</marc:subfield>
   <marc:subfield code="e">author</marc:subfield>
   <marc:subfield code="u">Negaunee Institute for Plant Conservation Science and Action, Chicago
                Botanic Garden, Glencoe, IL, USA</marc:subfield>
   <marc:subfield code="1">https://orcid.org/0000-0002-0956-0157</marc:subfield>
</marc:datafield>
<marc:subfield xmlns:marc="http://www.loc.gov/MARC21/slim" code="a">Kramer, Andrea T.</marc:subfield>Kramer, Andrea T.
            <marc:subfield xmlns:marc="http://www.loc.gov/MARC21/slim" code="e">author</marc:subfield>author
            <marc:subfield xmlns:marc="http://www.loc.gov/MARC21/slim" code="u">Negaunee Institute for Plant Conservation Science and Action, Chicago
                Botanic Garden, Glencoe, IL, USA</marc:subfield>Negaunee Institute for Plant Conservation Science and Action, Chicago
                Botanic Garden, Glencoe, IL, USA
            <marc:subfield xmlns:marc="http://www.loc.gov/MARC21/slim" code="1">https://orcid.org/0000-0002-0956-0157</marc:subfield>https://orcid.org/0000-0002-0956-0157
        <marc:datafield xmlns:marc="http://www.loc.gov/MARC21/slim"
                tag="700"
                ind1="1"
                ind2=" ">
   <marc:subfield code="a">Marx, Hannah E.</marc:subfield>
   <marc:subfield code="e">author</marc:subfield>
   <marc:subfield code="u">Deparment of Biology, University of New Mexico, Albuquerque, NM,
                USA</marc:subfield>
   <marc:subfield code="1">https://orcid.org/0000-0002-3526-7878</marc:subfield>
</marc:datafield>
<marc:subfield xmlns:marc="http://www.loc.gov/MARC21/slim" code="a">Marx, Hannah E.</marc:subfield>Marx, Hannah E.
            <marc:subfield xmlns:marc="http://www.loc.gov/MARC21/slim" code="e">author</marc:subfield>author
            <marc:subfield xmlns:marc="http://www.loc.gov/MARC21/slim" code="u">Deparment of Biology, University of New Mexico, Albuquerque, NM,
                USA</marc:subfield>Deparment of Biology, University of New Mexico, Albuquerque, NM,
                USA
            <marc:subfield xmlns:marc="http://www.loc.gov/MARC21/slim" code="1">https://orcid.org/0000-0002-3526-7878</marc:subfield>https://orcid.org/0000-0002-3526-7878
        <marc:datafield xmlns:marc="http://www.loc.gov/MARC21/slim"
                tag="700"
                ind1="1"
                ind2=" ">
   <marc:subfield code="a">Larkin, Daniel J.</marc:subfield>
   <marc:subfield code="e">author</marc:subfield>
   <marc:subfield code="u">Department of Fisheries, Wildlife, and Conservation Biology,
                University of Minnesota, St. Paul, MN, USA</marc:subfield>
   <marc:subfield code="1">https://orcid.org/0000-0001-6378-0495</marc:subfield>
</marc:datafield>
<marc:subfield xmlns:marc="http://www.loc.gov/MARC21/slim" code="a">Larkin, Daniel J.</marc:subfield>Larkin, Daniel J.
            <marc:subfield xmlns:marc="http://www.loc.gov/MARC21/slim" code="e">author</marc:subfield>author
            <marc:subfield xmlns:marc="http://www.loc.gov/MARC21/slim" code="u">Department of Fisheries, Wildlife, and Conservation Biology,
                University of Minnesota, St. Paul, MN, USA</marc:subfield>Department of Fisheries, Wildlife, and Conservation Biology,
                University of Minnesota, St. Paul, MN, USA
            <marc:subfield xmlns:marc="http://www.loc.gov/MARC21/slim" code="1">https://orcid.org/0000-0001-6378-0495</marc:subfield>https://orcid.org/0000-0001-6378-0495
        <marc:datafield xmlns:marc="http://www.loc.gov/MARC21/slim"
                tag="773"
                ind1="0"
                ind2=" ">
   <marc:subfield code="t">journal of ecology.</marc:subfield>
   <marc:subfield code="g">2022 Feb., v. 110, no. 2 p.443-456</marc:subfield>
   <marc:subfield code="d">John Wiley &amp; Sons, Ltd</marc:subfield>
   <marc:subfield code="w">Journal:jnl44660</marc:subfield>
   <marc:subfield code="x">0022-0477</marc:subfield>
   <marc:subfield code="7">nnas</marc:subfield>
</marc:datafield>
<marc:subfield xmlns:marc="http://www.loc.gov/MARC21/slim" code="t">journal of ecology.</marc:subfield>journal of ecology.
            <marc:subfield xmlns:marc="http://www.loc.gov/MARC21/slim" code="g">2022 Feb., v. 110, no. 2 p.443-456</marc:subfield>2022 Feb., v. 110, no. 2 p.443-456
            <marc:subfield xmlns:marc="http://www.loc.gov/MARC21/slim" code="d">John Wiley &amp; Sons, Ltd</marc:subfield>John Wiley &amp; Sons, Ltd
            <marc:subfield xmlns:marc="http://www.loc.gov/MARC21/slim" code="w">Journal:jnl44660</marc:subfield>Journal:jnl44660
            <marc:subfield xmlns:marc="http://www.loc.gov/MARC21/slim" code="x">0022-0477</marc:subfield>0022-0477
            <marc:subfield xmlns:marc="http://www.loc.gov/MARC21/slim" code="7">nnas</marc:subfield>nnas
        <marc:datafield xmlns:marc="http://www.loc.gov/MARC21/slim"
                tag="787"
                ind1="1"
                ind2=" ">
   <marc:subfield code="o">islandora_article_repository</marc:subfield>
</marc:datafield>
<marc:subfield xmlns:marc="http://www.loc.gov/MARC21/slim" code="o">islandora_article_repository</marc:subfield>islandora_article_repository
        <marc:datafield xmlns:marc="http://www.loc.gov/MARC21/slim"
                tag="787"
                ind1="1"
                ind2=" ">
   <marc:subfield code="o">product_pubag</marc:subfield>
</marc:datafield>
<marc:subfield xmlns:marc="http://www.loc.gov/MARC21/slim" code="o">product_pubag</marc:subfield>product_pubag
        <marc:datafield xmlns:marc="http://www.loc.gov/MARC21/slim"
                tag="787"
                ind1="1"
                ind2=" ">
   <marc:subfield code="o">(Journal)jnl44660</marc:subfield>
</marc:datafield>
<marc:subfield xmlns:marc="http://www.loc.gov/MARC21/slim" code="o">(Journal)jnl44660</marc:subfield>(Journal)jnl44660
        <marc:datafield xmlns:marc="http://www.loc.gov/MARC21/slim"
                tag="856"
                ind1="4"
                ind2="0">
   <marc:subfield code="u">https://dx.doi.org/10.1111/1365-2745.13812</marc:subfield>
   <marc:subfield code="3">Available from publisher's site</marc:subfield>
</marc:datafield>
<marc:subfield xmlns:marc="http://www.loc.gov/MARC21/slim" code="u">https://dx.doi.org/10.1111/1365-2745.13812</marc:subfield>https://dx.doi.org/10.1111/1365-2745.13812
            <marc:subfield xmlns:marc="http://www.loc.gov/MARC21/slim" code="3">Available from publisher's site</marc:subfield>Available from publisher's site
        <marc:datafield xmlns:marc="http://www.loc.gov/MARC21/slim"
                tag="912"
                ind1=" "
                ind2=" ">
   <marc:subfield code="a">Article</marc:subfield>
</marc:datafield>
<marc:subfield xmlns:marc="http://www.loc.gov/MARC21/slim" code="a">Article</marc:subfield>Article
        <marc:datafield xmlns:marc="http://www.loc.gov/MARC21/slim"
                tag="914"
                ind1=" "
                ind2=" ">
   <marc:subfield code="a">Journal:jnl44660</marc:subfield>
   <marc:subfield code="b">0022-0477</marc:subfield>
   <marc:subfield code="c">110</marc:subfield>
   <marc:subfield code="d">2</marc:subfield>
   <marc:subfield code="e">443</marc:subfield>
</marc:datafield>
<marc:subfield xmlns:marc="http://www.loc.gov/MARC21/slim" code="a">Journal:jnl44660</marc:subfield>Journal:jnl44660
            <marc:subfield xmlns:marc="http://www.loc.gov/MARC21/slim" code="b">0022-0477</marc:subfield>0022-0477
            <marc:subfield xmlns:marc="http://www.loc.gov/MARC21/slim" code="c">110</marc:subfield>110
            <marc:subfield xmlns:marc="http://www.loc.gov/MARC21/slim" code="d">2</marc:subfield>2
            <marc:subfield xmlns:marc="http://www.loc.gov/MARC21/slim" code="e">443</marc:subfield>443
        <marc:datafield xmlns:marc="http://www.loc.gov/MARC21/slim"
                tag="914"
                ind1=" "
                ind2=" ">
   <marc:subfield code="f">journal of ecology</marc:subfield>
</marc:datafield>
<marc:subfield xmlns:marc="http://www.loc.gov/MARC21/slim" code="f">journal of ecology</marc:subfield>journal of ecology
        <marc:datafield xmlns:marc="http://www.loc.gov/MARC21/slim"
                tag="916"
                ind1=" "
                ind2=" ">
   <marc:subfield code="a">Batch:10229</marc:subfield>
</marc:datafield>
<marc:subfield xmlns:marc="http://www.loc.gov/MARC21/slim" code="a">Batch:10229</marc:subfield>Batch:10229
        <marc:datafield xmlns:marc="http://www.loc.gov/MARC21/slim"
                tag="917"
                ind1=" "
                ind2=" ">
   <marc:subfield code="a">issued</marc:subfield>
</marc:datafield>
<marc:subfield xmlns:marc="http://www.loc.gov/MARC21/slim" code="a">issued</marc:subfield>issued
        <marc:datafield xmlns:marc="http://www.loc.gov/MARC21/slim"
                tag="918"
                ind1="2"
                ind2=" ">
   <marc:subfield code="a">John Wiley &amp; Sons, Inc</marc:subfield>
   <marc:subfield code="e">provider</marc:subfield>
   <marc:subfield code="5">DNAL</marc:subfield>
</marc:datafield>
<marc:subfield xmlns:marc="http://www.loc.gov/MARC21/slim" code="a">John Wiley &amp; Sons, Inc</marc:subfield>John Wiley &amp; Sons, Inc
            <marc:subfield xmlns:marc="http://www.loc.gov/MARC21/slim" code="e">provider</marc:subfield>provider
            <marc:subfield xmlns:marc="http://www.loc.gov/MARC21/slim" code="5">DNAL</marc:subfield>DNAL
        <marc:datafield xmlns:marc="http://www.loc.gov/MARC21/slim"
                tag="935"
                ind1=" "
                ind2=" ">
   <marc:subfield code="a">IND607667053</marc:subfield>
   <marc:subfield code="9">ExL</marc:subfield>
</marc:datafield>
<marc:subfield xmlns:marc="http://www.loc.gov/MARC21/slim" code="a">IND607667053</marc:subfield>IND607667053
            <marc:subfield xmlns:marc="http://www.loc.gov/MARC21/slim" code="9">ExL</marc:subfield>ExL
        <marc:datafield xmlns:marc="http://www.loc.gov/MARC21/slim"
                tag="949"
                ind1=" "
                ind2=" ">
   <marc:subfield code="a">2022-02-22</marc:subfield>
</marc:datafield>
<marc:subfield xmlns:marc="http://www.loc.gov/MARC21/slim" code="a">2022-02-22</marc:subfield>2022-02-22
        <marc:datafield xmlns:marc="http://www.loc.gov/MARC21/slim"
                tag="952"
                ind1=" "
                ind2=" ">
   <marc:subfield code="d">NAL-AP-2-clean</marc:subfield>
</marc:datafield>
<marc:subfield xmlns:marc="http://www.loc.gov/MARC21/slim" code="d">NAL-AP-2-clean</marc:subfield>NAL-AP-2-clean
        <marc:datafield xmlns:marc="http://www.loc.gov/MARC21/slim"
                tag="953"
                ind1=" "
                ind2=" ">
   <marc:subfield code="a">/data/metadata/incoming/wiley/00220477_2022_110_2.xml</marc:subfield>
</marc:datafield>
<marc:subfield xmlns:marc="http://www.loc.gov/MARC21/slim" code="a">/data/metadata/incoming/wiley/00220477_2022_110_2.xml</marc:subfield>/data/metadata/incoming/wiley/00220477_2022_110_2.xml
        <marc:datafield xmlns:marc="http://www.loc.gov/MARC21/slim"
                tag="954"
                ind1=" "
                ind2=" ">
   <marc:subfield code="a">file:/data/metadata/staging/wiley/00220477_2022_110_2.xml</marc:subfield>
</marc:datafield>
<marc:subfield xmlns:marc="http://www.loc.gov/MARC21/slim" code="a">file:/data/metadata/staging/wiley/00220477_2022_110_2.xml</marc:subfield>file:/data/metadata/staging/wiley/00220477_2022_110_2.xml
        <marc:datafield xmlns:marc="http://www.loc.gov/MARC21/slim"
                tag="955"
                ind1=" "
                ind2=" ">
   <marc:subfield code="a">/data/metadata/staging/wiley/</marc:subfield>
</marc:datafield>
<marc:subfield xmlns:marc="http://www.loc.gov/MARC21/slim" code="a">/data/metadata/staging/wiley/</marc:subfield>/data/metadata/staging/wiley/
        <marc:datafield xmlns:marc="http://www.loc.gov/MARC21/slim"
                tag="974"
                ind1=" "
                ind2=" ">
   <marc:subfield code="a">agid:7667053</marc:subfield>
</marc:datafield>
<marc:subfield xmlns:marc="http://www.loc.gov/MARC21/slim" code="a">agid:7667053</marc:subfield>agid:7667053
        <marc:datafield xmlns:marc="http://www.loc.gov/MARC21/slim"
                tag="983"
                ind1=" "
                ind2=" ">
   <marc:subfield code="a">2022-02-11</marc:subfield>
</marc:datafield>
<marc:subfield xmlns:marc="http://www.loc.gov/MARC21/slim" code="a">2022-02-11</marc:subfield>2022-02-11
        <marc:datafield xmlns:marc="http://www.loc.gov/MARC21/slim"
                tag="984"
                ind1=" "
                ind2=" ">
   <marc:subfield code="a">2022-02-21</marc:subfield>
</marc:datafield>
<marc:subfield xmlns:marc="http://www.loc.gov/MARC21/slim" code="a">2022-02-21</marc:subfield>2022-02-21
    <marc:record xmlns:marc="http://www.loc.gov/MARC21/slim">
   <marc:leader>04880nab a2200637 u 4500</marc:leader>
   <marc:controlfield tag="001">9915614108807426</marc:controlfield>
   <marc:controlfield tag="005">20221119001538.0</marc:controlfield>
   <marc:controlfield tag="008">190314e201901 xx |||||o|||||||||||eng||</marc:controlfield>
   <marc:datafield tag="016" ind1="7" ind2=" ">
      <marc:subfield code="a">IND606324226</marc:subfield>
      <marc:subfield code="2">DNAL</marc:subfield>
   </marc:datafield>
   <marc:datafield tag="024" ind1="7" ind2=" ">
      <marc:subfield code="a">10.1111/jvs.12701</marc:subfield>
      <marc:subfield code="2">doi</marc:subfield>
   </marc:datafield>
   <marc:datafield tag="035" ind1=" " ind2=" ">
      <marc:subfield code="a">agid:6324226-01nal_inst</marc:subfield>
   </marc:datafield>
   <marc:datafield tag="040" ind1=" " ind2=" ">
      <marc:subfield code="a">AGL</marc:subfield>
      <marc:subfield code="b">eng</marc:subfield>
      <marc:subfield code="c">AGL</marc:subfield>
   </marc:datafield>
   <marc:datafield tag="100" ind1="1" ind2=" ">
      <marc:subfield code="a">Janssen, Philippe</marc:subfield>
      <marc:subfield code="e">author</marc:subfield>
      <marc:subfield code="u">National Research Institute of Science and Technology for Environment
                and Agriculture (IRSTEA), Université Grenoble‐Alpes, UR LESSEM,
                Saint‐Martin‐d'Hères, France</marc:subfield>
      <marc:subfield code="1">https://orcid.org/0000-0003-3310-0078</marc:subfield>
   </marc:datafield>
   <marc:datafield tag="245" ind1="1" ind2="0">
      <marc:subfield code="a">Beyond forest habitat qualities: Climate and tree characteristics as
                the major drivers of epiphytic macrolichen assemblages in temperate
                mountains</marc:subfield>
   </marc:datafield>
   <marc:datafield tag="300" ind1=" " ind2=" ">
      <marc:subfield code="a">p. 42-54.</marc:subfield>
   </marc:datafield>
   <marc:datafield tag="500" ind1=" " ind2=" ">
      <marc:subfield code="a">JOURNAL ARTICLE</marc:subfield>
   </marc:datafield>
   <marc:datafield tag="520" ind1=" " ind2=" ">
      <marc:subfield code="a">QUESTIONS: How are epiphytic macrolichen assemblages shaped by forest
                habitat quality as reflected by the availability of late‐developmental forest
                attributes (i.e., stand maturity) and the temporal continuity of the wooded state
                (i.e., forest continuity)? Are these two forest habitat features the main drivers of
                lichen assemblages, and if so, at which spatial scale? STUDY SITE: Temperate
                mountain forests in the French Northern Alps. METHODS: In our sampling design, we
                defined treatments by crossing forest continuity (ancient vs recent) and stand
                maturity (mature vs overmature), then quantified lichen response to the treatments
                at the stand (n = 70) and tree scales (n = 420). We distinguished between total
                macrolichen and Lobarion species alone. Finally, we assessed the influence of tree‐,
                stand‐ and landscape‐scale variables, as well as climatic variables. RESULTS:
                Neither total macrolichen nor Lobarion diversity and composition were influenced by
                forest continuity, stand maturity or by stand‐ or landscape‐associated variables.
                Instead, climatic variables, light availability at the stand scale and host tree
                characteristics were the major drivers of lichen assemblages. In our mountain
                forests, this clearly shows that macrolichen were more influenced by local abiotic
                and biotic factors than by present or past human‐induced activities. CONCLUSIONS:
                Overall, we show that assemblage patterns in forest ecosystems may be driven by
                parameters that are not directly related to habitat quality. The influences of
                forest continuity and stand maturity on diversity and composition thus appear to be
                context‐dependent. In the ecological context of alpine forests, these findings
                highlight the benefits of selective‐cutting practices and illustrate the importance
                of structural heterogeneity, in terms of both improved accessibility to light and
                tree diameter diversity. Finally, the importance of temperature in shaping
                assemblage patterns suggests that global warming is probably the most significant
                threat to macrolichen conservation in temperate mountain forests.</marc:subfield>
   </marc:datafield>
   <marc:datafield tag="592" ind1=" " ind2=" ">
      <marc:subfield code="a">Publisher supplied data</marc:subfield>
   </marc:datafield>
   <marc:datafield tag="593" ind1=" " ind2=" ">
      <marc:subfield code="a">PubAg article</marc:subfield>
   </marc:datafield>
   <marc:datafield tag="596" ind1=" " ind2=" ">
      <marc:subfield code="c">IRSTEA</marc:subfield>
   </marc:datafield>
   <marc:datafield tag="596" ind1=" " ind2=" ">
      <marc:subfield code="c">Conseil Général de l'Isère</marc:subfield>
   </marc:datafield>
   <marc:datafield tag="596" ind1=" " ind2=" ">
      <marc:subfield code="c">Bauges Natural Regional Park</marc:subfield>
   </marc:datafield>
   <marc:datafield tag="650" ind1=" " ind2="3">
      <marc:subfield code="a">biotic factors</marc:subfield>
   </marc:datafield>
   <marc:datafield tag="650" ind1=" " ind2="3">
      <marc:subfield code="a">climatic factors</marc:subfield>
   </marc:datafield>
   <marc:datafield tag="650" ind1=" " ind2="3">
      <marc:subfield code="a">epiphytes</marc:subfield>
   </marc:datafield>
   <marc:datafield tag="650" ind1=" " ind2="3">
      <marc:subfield code="a">global warming</marc:subfield>
   </marc:datafield>
   <marc:datafield tag="650" ind1=" " ind2="3">
      <marc:subfield code="a">habitats</marc:subfield>
   </marc:datafield>
   <marc:datafield tag="650" ind1=" " ind2="3">
      <marc:subfield code="a">lichens</marc:subfield>
   </marc:datafield>
   <marc:datafield tag="650" ind1=" " ind2="3">
      <marc:subfield code="a">montane forests</marc:subfield>
   </marc:datafield>
   <marc:datafield tag="650" ind1=" " ind2="3">
      <marc:subfield code="a">mountains</marc:subfield>
   </marc:datafield>
   <marc:datafield tag="650" ind1=" " ind2="3">
      <marc:subfield code="a">temperature</marc:subfield>
   </marc:datafield>
   <marc:datafield tag="650" ind1=" " ind2="3">
      <marc:subfield code="a">tree and stand measurements</marc:subfield>
   </marc:datafield>
   <marc:datafield tag="650" ind1=" " ind2="3">
      <marc:subfield code="a">trees</marc:subfield>
   </marc:datafield>
   <marc:datafield tag="651" ind1=" " ind2="3">
      <marc:subfield code="a">Alps region</marc:subfield>
   </marc:datafield>
   <marc:datafield tag="700" ind1="1" ind2=" ">
      <marc:subfield code="a">Fuhr, Marc</marc:subfield>
      <marc:subfield code="e">author</marc:subfield>
      <marc:subfield code="u">National Research Institute of Science and Technology for Environment
                and Agriculture (IRSTEA), Université Grenoble‐Alpes, UR LESSEM,
                Saint‐Martin‐d'Hères, France</marc:subfield>
   </marc:datafield>
   <marc:datafield tag="700" ind1="1" ind2=" ">
      <marc:subfield code="a">Bouget, Christophe</marc:subfield>
      <marc:subfield code="e">author</marc:subfield>
      <marc:subfield code="u">National Research Institute of Science and Technology for Environment
                and Agriculture (IRSTEA), UR EFNO, Domaine des Barres, Nogent‐sur‐Vernisson,
                France</marc:subfield>
   </marc:datafield>
   <marc:datafield tag="773" ind1="0" ind2=" ">
      <marc:subfield code="t">Journal of vegetation science.</marc:subfield>
      <marc:subfield code="g">2019 Jan., v. 30, no. 1 p.42-54</marc:subfield>
      <marc:subfield code="d">John Wiley &amp; Sons, Ltd</marc:subfield>
      <marc:subfield code="w">Journal:jnl46820</marc:subfield>
      <marc:subfield code="x">1100-9233</marc:subfield>
      <marc:subfield code="7">nnas</marc:subfield>
   </marc:datafield>
   <marc:datafield tag="787" ind1="1" ind2=" ">
      <marc:subfield code="o">islandora_article_repository</marc:subfield>
   </marc:datafield>
   <marc:datafield tag="787" ind1="1" ind2=" ">
      <marc:subfield code="o">product_pubag</marc:subfield>
   </marc:datafield>
   <marc:datafield tag="787" ind1="1" ind2=" ">
      <marc:subfield code="o">(Journal)jnl46820</marc:subfield>
   </marc:datafield>
   <marc:datafield tag="856" ind1="4" ind2="0">
      <marc:subfield code="u">http://dx.doi.org/10.1111/jvs.12701</marc:subfield>
      <marc:subfield code="3">Available from publisher's site</marc:subfield>
   </marc:datafield>
   <marc:datafield tag="912" ind1=" " ind2=" ">
      <marc:subfield code="a">Article</marc:subfield>
   </marc:datafield>
   <marc:datafield tag="914" ind1=" " ind2=" ">
      <marc:subfield code="a">Journal:jnl46820</marc:subfield>
      <marc:subfield code="b">1100-9233</marc:subfield>
      <marc:subfield code="c">30</marc:subfield>
      <marc:subfield code="d">1</marc:subfield>
      <marc:subfield code="e">42</marc:subfield>
   </marc:datafield>
   <marc:datafield tag="914" ind1=" " ind2=" ">
      <marc:subfield code="f">Journal of vegetation science</marc:subfield>
   </marc:datafield>
   <marc:datafield tag="916" ind1=" " ind2=" ">
      <marc:subfield code="a">Batch:2190</marc:subfield>
   </marc:datafield>
   <marc:datafield tag="917" ind1=" " ind2=" ">
      <marc:subfield code="a">issued</marc:subfield>
   </marc:datafield>
   <marc:datafield tag="918" ind1="2" ind2=" ">
      <marc:subfield code="a">John Wiley &amp; Sons, Inc</marc:subfield>
      <marc:subfield code="e">provider</marc:subfield>
      <marc:subfield code="5">DNAL</marc:subfield>
   </marc:datafield>
   <marc:datafield tag="935" ind1=" " ind2=" ">
      <marc:subfield code="a">IND606324226</marc:subfield>
      <marc:subfield code="9">ExL</marc:subfield>
   </marc:datafield>
   <marc:datafield tag="949" ind1=" " ind2=" ">
      <marc:subfield code="a">2019-05-01</marc:subfield>
   </marc:datafield>
   <marc:datafield tag="953" ind1=" " ind2=" ">
      <marc:subfield code="a">/data/metadata/incoming/wiley/11009233_2019_30_1.xml</marc:subfield>
   </marc:datafield>
   <marc:datafield tag="954" ind1=" " ind2=" ">
      <marc:subfield code="a">file:/data/metadata/staging/wiley/11009233_2019_30_1.xml</marc:subfield>
   </marc:datafield>
   <marc:datafield tag="955" ind1=" " ind2=" ">
      <marc:subfield code="a">/data/metadata/staging/wiley/</marc:subfield>
   </marc:datafield>
   <marc:datafield tag="962" ind1=" " ind2=" ">
      <marc:subfield code="a">Batch:2190 reviewed on 2019-05-01T14:00:03Z</marc:subfield>
   </marc:datafield>
   <marc:datafield tag="974" ind1=" " ind2=" ">
      <marc:subfield code="a">agid:6324226</marc:subfield>
   </marc:datafield>
   <marc:datafield tag="983" ind1=" " ind2=" ">
      <marc:subfield code="a">2019-03-14</marc:subfield>
   </marc:datafield>
   <marc:datafield tag="984" ind1=" " ind2=" ">
      <marc:subfield code="a">2019-05-01</marc:subfield>
   </marc:datafield>
</marc:record>