
<marc:leader xmlns:marc="http://www.loc.gov/MARC21/slim">04880nab a2200637 u 4500</marc:leader>04880nab a2200637 u 4500
        <marc:controlfield xmlns:marc="http://www.loc.gov/MARC21/slim" tag="001">9915614108807426</marc:controlfield>9915614108807426
        <marc:controlfield xmlns:marc="http://www.loc.gov/MARC21/slim" tag="005">20221119001538.0</marc:controlfield>20221119001538.0
        <marc:controlfield xmlns:marc="http://www.loc.gov/MARC21/slim" tag="008">190314e201901 xx |||||o|||||||||||eng||</marc:controlfield>190314e201901 xx |||||o|||||||||||eng||
        <marc:datafield xmlns:marc="http://www.loc.gov/MARC21/slim"
                tag="016"
                ind1="7"
                ind2=" ">
   <marc:subfield code="a">IND606324226</marc:subfield>
   <marc:subfield code="2">DNAL</marc:subfield>
</marc:datafield>
<marc:subfield xmlns:marc="http://www.loc.gov/MARC21/slim" code="a">IND606324226</marc:subfield>IND606324226
            <marc:subfield xmlns:marc="http://www.loc.gov/MARC21/slim" code="2">DNAL</marc:subfield>DNAL
        <marc:datafield xmlns:marc="http://www.loc.gov/MARC21/slim"
                tag="024"
                ind1="7"
                ind2=" ">
   <marc:subfield code="a">10.1111/jvs.12701</marc:subfield>
   <marc:subfield code="2">doi</marc:subfield>
</marc:datafield>
<marc:subfield xmlns:marc="http://www.loc.gov/MARC21/slim" code="a">10.1111/jvs.12701</marc:subfield>10.1111/jvs.12701
            <marc:subfield xmlns:marc="http://www.loc.gov/MARC21/slim" code="2">doi</marc:subfield>doi
        <marc:datafield xmlns:marc="http://www.loc.gov/MARC21/slim"
                tag="035"
                ind1=" "
                ind2=" ">
   <marc:subfield code="a">agid:6324226-01nal_inst</marc:subfield>
</marc:datafield>
<marc:subfield xmlns:marc="http://www.loc.gov/MARC21/slim" code="a">agid:6324226-01nal_inst</marc:subfield>agid:6324226-01nal_inst
        <marc:datafield xmlns:marc="http://www.loc.gov/MARC21/slim"
                tag="040"
                ind1=" "
                ind2=" ">
   <marc:subfield code="a">AGL</marc:subfield>
   <marc:subfield code="b">eng</marc:subfield>
   <marc:subfield code="c">AGL</marc:subfield>
</marc:datafield>
<marc:subfield xmlns:marc="http://www.loc.gov/MARC21/slim" code="a">AGL</marc:subfield>AGL
            <marc:subfield xmlns:marc="http://www.loc.gov/MARC21/slim" code="b">eng</marc:subfield>eng
            <marc:subfield xmlns:marc="http://www.loc.gov/MARC21/slim" code="c">AGL</marc:subfield>AGL
        <marc:datafield xmlns:marc="http://www.loc.gov/MARC21/slim"
                tag="100"
                ind1="1"
                ind2=" ">
   <marc:subfield code="a">Janssen, Philippe</marc:subfield>
   <marc:subfield code="e">author</marc:subfield>
   <marc:subfield code="u">National Research Institute of Science and Technology for Environment
                and Agriculture (IRSTEA), Université Grenoble‐Alpes, UR LESSEM,
                Saint‐Martin‐d'Hères, France</marc:subfield>
   <marc:subfield code="1">https://orcid.org/0000-0003-3310-0078</marc:subfield>
</marc:datafield>
<marc:subfield xmlns:marc="http://www.loc.gov/MARC21/slim" code="a">Janssen, Philippe</marc:subfield>Janssen, Philippe
            <marc:subfield xmlns:marc="http://www.loc.gov/MARC21/slim" code="e">author</marc:subfield>author
            <marc:subfield xmlns:marc="http://www.loc.gov/MARC21/slim" code="u">National Research Institute of Science and Technology for Environment
                and Agriculture (IRSTEA), Université Grenoble‐Alpes, UR LESSEM,
                Saint‐Martin‐d'Hères, France</marc:subfield>National Research Institute of Science and Technology for Environment
                and Agriculture (IRSTEA), Université Grenoble‐Alpes, UR LESSEM,
                Saint‐Martin‐d'Hères, France
            <marc:subfield xmlns:marc="http://www.loc.gov/MARC21/slim" code="1">https://orcid.org/0000-0003-3310-0078</marc:subfield>https://orcid.org/0000-0003-3310-0078
        <marc:datafield xmlns:marc="http://www.loc.gov/MARC21/slim"
                tag="245"
                ind1="1"
                ind2="0">
   <marc:subfield code="a">Beyond forest habitat qualities: Climate and tree characteristics as
                the major drivers of epiphytic macrolichen assemblages in temperate
                mountains</marc:subfield>
</marc:datafield>
<marc:subfield xmlns:marc="http://www.loc.gov/MARC21/slim" code="a">Beyond forest habitat qualities: Climate and tree characteristics as
                the major drivers of epiphytic macrolichen assemblages in temperate
                mountains</marc:subfield>Beyond forest habitat qualities: Climate and tree characteristics as
                the major drivers of epiphytic macrolichen assemblages in temperate
                mountains
        <marc:datafield xmlns:marc="http://www.loc.gov/MARC21/slim"
                tag="300"
                ind1=" "
                ind2=" ">
   <marc:subfield code="a">p. 42-54.</marc:subfield>
</marc:datafield>
<marc:subfield xmlns:marc="http://www.loc.gov/MARC21/slim" code="a">p. 42-54.</marc:subfield>p. 42-54.
        <marc:datafield xmlns:marc="http://www.loc.gov/MARC21/slim"
                tag="500"
                ind1=" "
                ind2=" ">
   <marc:subfield code="a">JOURNAL ARTICLE</marc:subfield>
</marc:datafield>
<marc:subfield xmlns:marc="http://www.loc.gov/MARC21/slim" code="a">JOURNAL ARTICLE</marc:subfield>JOURNAL ARTICLE
        <marc:datafield xmlns:marc="http://www.loc.gov/MARC21/slim"
                tag="520"
                ind1=" "
                ind2=" ">
   <marc:subfield code="a">QUESTIONS: How are epiphytic macrolichen assemblages shaped by forest
                habitat quality as reflected by the availability of late‐developmental forest
                attributes (i.e., stand maturity) and the temporal continuity of the wooded state
                (i.e., forest continuity)? Are these two forest habitat features the main drivers of
                lichen assemblages, and if so, at which spatial scale? STUDY SITE: Temperate
                mountain forests in the French Northern Alps. METHODS: In our sampling design, we
                defined treatments by crossing forest continuity (ancient vs recent) and stand
                maturity (mature vs overmature), then quantified lichen response to the treatments
                at the stand (n = 70) and tree scales (n = 420). We distinguished between total
                macrolichen and Lobarion species alone. Finally, we assessed the influence of tree‐,
                stand‐ and landscape‐scale variables, as well as climatic variables. RESULTS:
                Neither total macrolichen nor Lobarion diversity and composition were influenced by
                forest continuity, stand maturity or by stand‐ or landscape‐associated variables.
                Instead, climatic variables, light availability at the stand scale and host tree
                characteristics were the major drivers of lichen assemblages. In our mountain
                forests, this clearly shows that macrolichen were more influenced by local abiotic
                and biotic factors than by present or past human‐induced activities. CONCLUSIONS:
                Overall, we show that assemblage patterns in forest ecosystems may be driven by
                parameters that are not directly related to habitat quality. The influences of
                forest continuity and stand maturity on diversity and composition thus appear to be
                context‐dependent. In the ecological context of alpine forests, these findings
                highlight the benefits of selective‐cutting practices and illustrate the importance
                of structural heterogeneity, in terms of both improved accessibility to light and
                tree diameter diversity. Finally, the importance of temperature in shaping
                assemblage patterns suggests that global warming is probably the most significant
                threat to macrolichen conservation in temperate mountain forests.</marc:subfield>
</marc:datafield>
<marc:subfield xmlns:marc="http://www.loc.gov/MARC21/slim" code="a">QUESTIONS: How are epiphytic macrolichen assemblages shaped by forest
                habitat quality as reflected by the availability of late‐developmental forest
                attributes (i.e., stand maturity) and the temporal continuity of the wooded state
                (i.e., forest continuity)? Are these two forest habitat features the main drivers of
                lichen assemblages, and if so, at which spatial scale? STUDY SITE: Temperate
                mountain forests in the French Northern Alps. METHODS: In our sampling design, we
                defined treatments by crossing forest continuity (ancient vs recent) and stand
                maturity (mature vs overmature), then quantified lichen response to the treatments
                at the stand (n = 70) and tree scales (n = 420). We distinguished between total
                macrolichen and Lobarion species alone. Finally, we assessed the influence of tree‐,
                stand‐ and landscape‐scale variables, as well as climatic variables. RESULTS:
                Neither total macrolichen nor Lobarion diversity and composition were influenced by
                forest continuity, stand maturity or by stand‐ or landscape‐associated variables.
                Instead, climatic variables, light availability at the stand scale and host tree
                characteristics were the major drivers of lichen assemblages. In our mountain
                forests, this clearly shows that macrolichen were more influenced by local abiotic
                and biotic factors than by present or past human‐induced activities. CONCLUSIONS:
                Overall, we show that assemblage patterns in forest ecosystems may be driven by
                parameters that are not directly related to habitat quality. The influences of
                forest continuity and stand maturity on diversity and composition thus appear to be
                context‐dependent. In the ecological context of alpine forests, these findings
                highlight the benefits of selective‐cutting practices and illustrate the importance
                of structural heterogeneity, in terms of both improved accessibility to light and
                tree diameter diversity. Finally, the importance of temperature in shaping
                assemblage patterns suggests that global warming is probably the most significant
                threat to macrolichen conservation in temperate mountain forests.</marc:subfield>QUESTIONS: How are epiphytic macrolichen assemblages shaped by forest
                habitat quality as reflected by the availability of late‐developmental forest
                attributes (i.e., stand maturity) and the temporal continuity of the wooded state
                (i.e., forest continuity)? Are these two forest habitat features the main drivers of
                lichen assemblages, and if so, at which spatial scale? STUDY SITE: Temperate
                mountain forests in the French Northern Alps. METHODS: In our sampling design, we
                defined treatments by crossing forest continuity (ancient vs recent) and stand
                maturity (mature vs overmature), then quantified lichen response to the treatments
                at the stand (n = 70) and tree scales (n = 420). We distinguished between total
                macrolichen and Lobarion species alone. Finally, we assessed the influence of tree‐,
                stand‐ and landscape‐scale variables, as well as climatic variables. RESULTS:
                Neither total macrolichen nor Lobarion diversity and composition were influenced by
                forest continuity, stand maturity or by stand‐ or landscape‐associated variables.
                Instead, climatic variables, light availability at the stand scale and host tree
                characteristics were the major drivers of lichen assemblages. In our mountain
                forests, this clearly shows that macrolichen were more influenced by local abiotic
                and biotic factors than by present or past human‐induced activities. CONCLUSIONS:
                Overall, we show that assemblage patterns in forest ecosystems may be driven by
                parameters that are not directly related to habitat quality. The influences of
                forest continuity and stand maturity on diversity and composition thus appear to be
                context‐dependent. In the ecological context of alpine forests, these findings
                highlight the benefits of selective‐cutting practices and illustrate the importance
                of structural heterogeneity, in terms of both improved accessibility to light and
                tree diameter diversity. Finally, the importance of temperature in shaping
                assemblage patterns suggests that global warming is probably the most significant
                threat to macrolichen conservation in temperate mountain forests.
        <marc:datafield xmlns:marc="http://www.loc.gov/MARC21/slim"
                tag="592"
                ind1=" "
                ind2=" ">
   <marc:subfield code="a">Publisher supplied data</marc:subfield>
</marc:datafield>
<marc:subfield xmlns:marc="http://www.loc.gov/MARC21/slim" code="a">Publisher supplied data</marc:subfield>Publisher supplied data
        <marc:datafield xmlns:marc="http://www.loc.gov/MARC21/slim"
                tag="593"
                ind1=" "
                ind2=" ">
   <marc:subfield code="a">PubAg article</marc:subfield>
</marc:datafield>
<marc:subfield xmlns:marc="http://www.loc.gov/MARC21/slim" code="a">PubAg article</marc:subfield>PubAg article
        <marc:datafield xmlns:marc="http://www.loc.gov/MARC21/slim"
                tag="596"
                ind1=" "
                ind2=" ">
   <marc:subfield code="c">IRSTEA</marc:subfield>
</marc:datafield>
<marc:subfield xmlns:marc="http://www.loc.gov/MARC21/slim" code="c">IRSTEA</marc:subfield>IRSTEA
        <marc:datafield xmlns:marc="http://www.loc.gov/MARC21/slim"
                tag="596"
                ind1=" "
                ind2=" ">
   <marc:subfield code="c">Conseil Général de l'Isère</marc:subfield>
</marc:datafield>
<marc:subfield xmlns:marc="http://www.loc.gov/MARC21/slim" code="c">Conseil Général de l'Isère</marc:subfield>Conseil Général de l'Isère
        <marc:datafield xmlns:marc="http://www.loc.gov/MARC21/slim"
                tag="596"
                ind1=" "
                ind2=" ">
   <marc:subfield code="c">Bauges Natural Regional Park</marc:subfield>
</marc:datafield>
<marc:subfield xmlns:marc="http://www.loc.gov/MARC21/slim" code="c">Bauges Natural Regional Park</marc:subfield>Bauges Natural Regional Park
        <marc:datafield xmlns:marc="http://www.loc.gov/MARC21/slim"
                tag="650"
                ind1=" "
                ind2="3">
   <marc:subfield code="a">biotic factors</marc:subfield>
</marc:datafield>
<marc:subfield xmlns:marc="http://www.loc.gov/MARC21/slim" code="a">biotic factors</marc:subfield>biotic factors
        <marc:datafield xmlns:marc="http://www.loc.gov/MARC21/slim"
                tag="650"
                ind1=" "
                ind2="3">
   <marc:subfield code="a">climatic factors</marc:subfield>
</marc:datafield>
<marc:subfield xmlns:marc="http://www.loc.gov/MARC21/slim" code="a">climatic factors</marc:subfield>climatic factors
        <marc:datafield xmlns:marc="http://www.loc.gov/MARC21/slim"
                tag="650"
                ind1=" "
                ind2="3">
   <marc:subfield code="a">epiphytes</marc:subfield>
</marc:datafield>
<marc:subfield xmlns:marc="http://www.loc.gov/MARC21/slim" code="a">epiphytes</marc:subfield>epiphytes
        <marc:datafield xmlns:marc="http://www.loc.gov/MARC21/slim"
                tag="650"
                ind1=" "
                ind2="3">
   <marc:subfield code="a">global warming</marc:subfield>
</marc:datafield>
<marc:subfield xmlns:marc="http://www.loc.gov/MARC21/slim" code="a">global warming</marc:subfield>global warming
        <marc:datafield xmlns:marc="http://www.loc.gov/MARC21/slim"
                tag="650"
                ind1=" "
                ind2="3">
   <marc:subfield code="a">habitats</marc:subfield>
</marc:datafield>
<marc:subfield xmlns:marc="http://www.loc.gov/MARC21/slim" code="a">habitats</marc:subfield>habitats
        <marc:datafield xmlns:marc="http://www.loc.gov/MARC21/slim"
                tag="650"
                ind1=" "
                ind2="3">
   <marc:subfield code="a">lichens</marc:subfield>
</marc:datafield>
<marc:subfield xmlns:marc="http://www.loc.gov/MARC21/slim" code="a">lichens</marc:subfield>lichens
        <marc:datafield xmlns:marc="http://www.loc.gov/MARC21/slim"
                tag="650"
                ind1=" "
                ind2="3">
   <marc:subfield code="a">montane forests</marc:subfield>
</marc:datafield>
<marc:subfield xmlns:marc="http://www.loc.gov/MARC21/slim" code="a">montane forests</marc:subfield>montane forests
        <marc:datafield xmlns:marc="http://www.loc.gov/MARC21/slim"
                tag="650"
                ind1=" "
                ind2="3">
   <marc:subfield code="a">mountains</marc:subfield>
</marc:datafield>
<marc:subfield xmlns:marc="http://www.loc.gov/MARC21/slim" code="a">mountains</marc:subfield>mountains
        <marc:datafield xmlns:marc="http://www.loc.gov/MARC21/slim"
                tag="650"
                ind1=" "
                ind2="3">
   <marc:subfield code="a">temperature</marc:subfield>
</marc:datafield>
<marc:subfield xmlns:marc="http://www.loc.gov/MARC21/slim" code="a">temperature</marc:subfield>temperature
        <marc:datafield xmlns:marc="http://www.loc.gov/MARC21/slim"
                tag="650"
                ind1=" "
                ind2="3">
   <marc:subfield code="a">tree and stand measurements</marc:subfield>
</marc:datafield>
<marc:subfield xmlns:marc="http://www.loc.gov/MARC21/slim" code="a">tree and stand measurements</marc:subfield>tree and stand measurements
        <marc:datafield xmlns:marc="http://www.loc.gov/MARC21/slim"
                tag="650"
                ind1=" "
                ind2="3">
   <marc:subfield code="a">trees</marc:subfield>
</marc:datafield>
<marc:subfield xmlns:marc="http://www.loc.gov/MARC21/slim" code="a">trees</marc:subfield>trees
        <marc:datafield xmlns:marc="http://www.loc.gov/MARC21/slim"
                tag="651"
                ind1=" "
                ind2="3">
   <marc:subfield code="a">Alps region</marc:subfield>
</marc:datafield>
<marc:subfield xmlns:marc="http://www.loc.gov/MARC21/slim" code="a">Alps region</marc:subfield>Alps region
        <marc:datafield xmlns:marc="http://www.loc.gov/MARC21/slim"
                tag="700"
                ind1="1"
                ind2=" ">
   <marc:subfield code="a">Fuhr, Marc</marc:subfield>
   <marc:subfield code="e">author</marc:subfield>
   <marc:subfield code="u">National Research Institute of Science and Technology for Environment
                and Agriculture (IRSTEA), Université Grenoble‐Alpes, UR LESSEM,
                Saint‐Martin‐d'Hères, France</marc:subfield>
</marc:datafield>
<marc:subfield xmlns:marc="http://www.loc.gov/MARC21/slim" code="a">Fuhr, Marc</marc:subfield>Fuhr, Marc
            <marc:subfield xmlns:marc="http://www.loc.gov/MARC21/slim" code="e">author</marc:subfield>author
            <marc:subfield xmlns:marc="http://www.loc.gov/MARC21/slim" code="u">National Research Institute of Science and Technology for Environment
                and Agriculture (IRSTEA), Université Grenoble‐Alpes, UR LESSEM,
                Saint‐Martin‐d'Hères, France</marc:subfield>National Research Institute of Science and Technology for Environment
                and Agriculture (IRSTEA), Université Grenoble‐Alpes, UR LESSEM,
                Saint‐Martin‐d'Hères, France
        <marc:datafield xmlns:marc="http://www.loc.gov/MARC21/slim"
                tag="700"
                ind1="1"
                ind2=" ">
   <marc:subfield code="a">Bouget, Christophe</marc:subfield>
   <marc:subfield code="e">author</marc:subfield>
   <marc:subfield code="u">National Research Institute of Science and Technology for Environment
                and Agriculture (IRSTEA), UR EFNO, Domaine des Barres, Nogent‐sur‐Vernisson,
                France</marc:subfield>
</marc:datafield>
<marc:subfield xmlns:marc="http://www.loc.gov/MARC21/slim" code="a">Bouget, Christophe</marc:subfield>Bouget, Christophe
            <marc:subfield xmlns:marc="http://www.loc.gov/MARC21/slim" code="e">author</marc:subfield>author
            <marc:subfield xmlns:marc="http://www.loc.gov/MARC21/slim" code="u">National Research Institute of Science and Technology for Environment
                and Agriculture (IRSTEA), UR EFNO, Domaine des Barres, Nogent‐sur‐Vernisson,
                France</marc:subfield>National Research Institute of Science and Technology for Environment
                and Agriculture (IRSTEA), UR EFNO, Domaine des Barres, Nogent‐sur‐Vernisson,
                France
        <marc:datafield xmlns:marc="http://www.loc.gov/MARC21/slim"
                tag="773"
                ind1="0"
                ind2=" ">
   <marc:subfield code="t">Journal of vegetation science.</marc:subfield>
   <marc:subfield code="g">2019 Jan., v. 30, no. 1 p.42-54</marc:subfield>
   <marc:subfield code="d">John Wiley &amp; Sons, Ltd</marc:subfield>
   <marc:subfield code="w">Journal:jnl46820</marc:subfield>
   <marc:subfield code="x">1100-9233</marc:subfield>
   <marc:subfield code="7">nnas</marc:subfield>
</marc:datafield>
<marc:subfield xmlns:marc="http://www.loc.gov/MARC21/slim" code="t">Journal of vegetation science.</marc:subfield>Journal of vegetation science.
            <marc:subfield xmlns:marc="http://www.loc.gov/MARC21/slim" code="g">2019 Jan., v. 30, no. 1 p.42-54</marc:subfield>2019 Jan., v. 30, no. 1 p.42-54
            <marc:subfield xmlns:marc="http://www.loc.gov/MARC21/slim" code="d">John Wiley &amp; Sons, Ltd</marc:subfield>John Wiley &amp; Sons, Ltd
            <marc:subfield xmlns:marc="http://www.loc.gov/MARC21/slim" code="w">Journal:jnl46820</marc:subfield>Journal:jnl46820
            <marc:subfield xmlns:marc="http://www.loc.gov/MARC21/slim" code="x">1100-9233</marc:subfield>1100-9233
            <marc:subfield xmlns:marc="http://www.loc.gov/MARC21/slim" code="7">nnas</marc:subfield>nnas
        <marc:datafield xmlns:marc="http://www.loc.gov/MARC21/slim"
                tag="787"
                ind1="1"
                ind2=" ">
   <marc:subfield code="o">islandora_article_repository</marc:subfield>
</marc:datafield>
<marc:subfield xmlns:marc="http://www.loc.gov/MARC21/slim" code="o">islandora_article_repository</marc:subfield>islandora_article_repository
        <marc:datafield xmlns:marc="http://www.loc.gov/MARC21/slim"
                tag="787"
                ind1="1"
                ind2=" ">
   <marc:subfield code="o">product_pubag</marc:subfield>
</marc:datafield>
<marc:subfield xmlns:marc="http://www.loc.gov/MARC21/slim" code="o">product_pubag</marc:subfield>product_pubag
        <marc:datafield xmlns:marc="http://www.loc.gov/MARC21/slim"
                tag="787"
                ind1="1"
                ind2=" ">
   <marc:subfield code="o">(Journal)jnl46820</marc:subfield>
</marc:datafield>
<marc:subfield xmlns:marc="http://www.loc.gov/MARC21/slim" code="o">(Journal)jnl46820</marc:subfield>(Journal)jnl46820
        <marc:datafield xmlns:marc="http://www.loc.gov/MARC21/slim"
                tag="856"
                ind1="4"
                ind2="0">
   <marc:subfield code="u">http://dx.doi.org/10.1111/jvs.12701</marc:subfield>
   <marc:subfield code="3">Available from publisher's site</marc:subfield>
</marc:datafield>
<marc:subfield xmlns:marc="http://www.loc.gov/MARC21/slim" code="u">http://dx.doi.org/10.1111/jvs.12701</marc:subfield>http://dx.doi.org/10.1111/jvs.12701
            <marc:subfield xmlns:marc="http://www.loc.gov/MARC21/slim" code="3">Available from publisher's site</marc:subfield>Available from publisher's site
        <marc:datafield xmlns:marc="http://www.loc.gov/MARC21/slim"
                tag="912"
                ind1=" "
                ind2=" ">
   <marc:subfield code="a">Article</marc:subfield>
</marc:datafield>
<marc:subfield xmlns:marc="http://www.loc.gov/MARC21/slim" code="a">Article</marc:subfield>Article
        <marc:datafield xmlns:marc="http://www.loc.gov/MARC21/slim"
                tag="914"
                ind1=" "
                ind2=" ">
   <marc:subfield code="a">Journal:jnl46820</marc:subfield>
   <marc:subfield code="b">1100-9233</marc:subfield>
   <marc:subfield code="c">30</marc:subfield>
   <marc:subfield code="d">1</marc:subfield>
   <marc:subfield code="e">42</marc:subfield>
</marc:datafield>
<marc:subfield xmlns:marc="http://www.loc.gov/MARC21/slim" code="a">Journal:jnl46820</marc:subfield>Journal:jnl46820
            <marc:subfield xmlns:marc="http://www.loc.gov/MARC21/slim" code="b">1100-9233</marc:subfield>1100-9233
            <marc:subfield xmlns:marc="http://www.loc.gov/MARC21/slim" code="c">30</marc:subfield>30
            <marc:subfield xmlns:marc="http://www.loc.gov/MARC21/slim" code="d">1</marc:subfield>1
            <marc:subfield xmlns:marc="http://www.loc.gov/MARC21/slim" code="e">42</marc:subfield>42
        <marc:datafield xmlns:marc="http://www.loc.gov/MARC21/slim"
                tag="914"
                ind1=" "
                ind2=" ">
   <marc:subfield code="f">Journal of vegetation science</marc:subfield>
</marc:datafield>
<marc:subfield xmlns:marc="http://www.loc.gov/MARC21/slim" code="f">Journal of vegetation science</marc:subfield>Journal of vegetation science
        <marc:datafield xmlns:marc="http://www.loc.gov/MARC21/slim"
                tag="916"
                ind1=" "
                ind2=" ">
   <marc:subfield code="a">Batch:2190</marc:subfield>
</marc:datafield>
<marc:subfield xmlns:marc="http://www.loc.gov/MARC21/slim" code="a">Batch:2190</marc:subfield>Batch:2190
        <marc:datafield xmlns:marc="http://www.loc.gov/MARC21/slim"
                tag="917"
                ind1=" "
                ind2=" ">
   <marc:subfield code="a">issued</marc:subfield>
</marc:datafield>
<marc:subfield xmlns:marc="http://www.loc.gov/MARC21/slim" code="a">issued</marc:subfield>issued
        <marc:datafield xmlns:marc="http://www.loc.gov/MARC21/slim"
                tag="918"
                ind1="2"
                ind2=" ">
   <marc:subfield code="a">John Wiley &amp; Sons, Inc</marc:subfield>
   <marc:subfield code="e">provider</marc:subfield>
   <marc:subfield code="5">DNAL</marc:subfield>
</marc:datafield>
<marc:subfield xmlns:marc="http://www.loc.gov/MARC21/slim" code="a">John Wiley &amp; Sons, Inc</marc:subfield>John Wiley &amp; Sons, Inc
            <marc:subfield xmlns:marc="http://www.loc.gov/MARC21/slim" code="e">provider</marc:subfield>provider
            <marc:subfield xmlns:marc="http://www.loc.gov/MARC21/slim" code="5">DNAL</marc:subfield>DNAL
        <marc:datafield xmlns:marc="http://www.loc.gov/MARC21/slim"
                tag="935"
                ind1=" "
                ind2=" ">
   <marc:subfield code="a">IND606324226</marc:subfield>
   <marc:subfield code="9">ExL</marc:subfield>
</marc:datafield>
<marc:subfield xmlns:marc="http://www.loc.gov/MARC21/slim" code="a">IND606324226</marc:subfield>IND606324226
            <marc:subfield xmlns:marc="http://www.loc.gov/MARC21/slim" code="9">ExL</marc:subfield>ExL
        <marc:datafield xmlns:marc="http://www.loc.gov/MARC21/slim"
                tag="949"
                ind1=" "
                ind2=" ">
   <marc:subfield code="a">2019-05-01</marc:subfield>
</marc:datafield>
<marc:subfield xmlns:marc="http://www.loc.gov/MARC21/slim" code="a">2019-05-01</marc:subfield>2019-05-01
        <marc:datafield xmlns:marc="http://www.loc.gov/MARC21/slim"
                tag="953"
                ind1=" "
                ind2=" ">
   <marc:subfield code="a">/data/metadata/incoming/wiley/11009233_2019_30_1.xml</marc:subfield>
</marc:datafield>
<marc:subfield xmlns:marc="http://www.loc.gov/MARC21/slim" code="a">/data/metadata/incoming/wiley/11009233_2019_30_1.xml</marc:subfield>/data/metadata/incoming/wiley/11009233_2019_30_1.xml
        <marc:datafield xmlns:marc="http://www.loc.gov/MARC21/slim"
                tag="954"
                ind1=" "
                ind2=" ">
   <marc:subfield code="a">file:/data/metadata/staging/wiley/11009233_2019_30_1.xml</marc:subfield>
</marc:datafield>
<marc:subfield xmlns:marc="http://www.loc.gov/MARC21/slim" code="a">file:/data/metadata/staging/wiley/11009233_2019_30_1.xml</marc:subfield>file:/data/metadata/staging/wiley/11009233_2019_30_1.xml
        <marc:datafield xmlns:marc="http://www.loc.gov/MARC21/slim"
                tag="955"
                ind1=" "
                ind2=" ">
   <marc:subfield code="a">/data/metadata/staging/wiley/</marc:subfield>
</marc:datafield>
<marc:subfield xmlns:marc="http://www.loc.gov/MARC21/slim" code="a">/data/metadata/staging/wiley/</marc:subfield>/data/metadata/staging/wiley/
        <marc:datafield xmlns:marc="http://www.loc.gov/MARC21/slim"
                tag="962"
                ind1=" "
                ind2=" ">
   <marc:subfield code="a">Batch:2190 reviewed on 2019-05-01T14:00:03Z</marc:subfield>
</marc:datafield>
<marc:subfield xmlns:marc="http://www.loc.gov/MARC21/slim" code="a">Batch:2190 reviewed on 2019-05-01T14:00:03Z</marc:subfield>Batch:2190 reviewed on 2019-05-01T14:00:03Z
        <marc:datafield xmlns:marc="http://www.loc.gov/MARC21/slim"
                tag="974"
                ind1=" "
                ind2=" ">
   <marc:subfield code="a">agid:6324226</marc:subfield>
</marc:datafield>
<marc:subfield xmlns:marc="http://www.loc.gov/MARC21/slim" code="a">agid:6324226</marc:subfield>agid:6324226
        <marc:datafield xmlns:marc="http://www.loc.gov/MARC21/slim"
                tag="983"
                ind1=" "
                ind2=" ">
   <marc:subfield code="a">2019-03-14</marc:subfield>
</marc:datafield>
<marc:subfield xmlns:marc="http://www.loc.gov/MARC21/slim" code="a">2019-03-14</marc:subfield>2019-03-14
        <marc:datafield xmlns:marc="http://www.loc.gov/MARC21/slim"
                tag="984"
                ind1=" "
                ind2=" ">
   <marc:subfield code="a">2019-05-01</marc:subfield>
</marc:datafield>
<marc:subfield xmlns:marc="http://www.loc.gov/MARC21/slim" code="a">2019-05-01</marc:subfield>2019-05-01
    <marc:record xmlns:marc="http://www.loc.gov/MARC21/slim">
   <marc:leader>04702nab a2200673 u 4500</marc:leader>
   <marc:controlfield tag="001">9915614131907426</marc:controlfield>
   <marc:controlfield tag="005">20221119002133.0</marc:controlfield>
   <marc:controlfield tag="008">190314e201901 xx |||||o|||||||||||eng||</marc:controlfield>
   <marc:datafield tag="016" ind1="7" ind2=" ">
      <marc:subfield code="a">IND606324237</marc:subfield>
      <marc:subfield code="2">DNAL</marc:subfield>
   </marc:datafield>
   <marc:datafield tag="024" ind1="7" ind2=" ">
      <marc:subfield code="a">10.1111/jvs.12704</marc:subfield>
      <marc:subfield code="2">doi</marc:subfield>
   </marc:datafield>
   <marc:datafield tag="035" ind1=" " ind2=" ">
      <marc:subfield code="a">agid:6324237-01nal_inst</marc:subfield>
   </marc:datafield>
   <marc:datafield tag="040" ind1=" " ind2=" ">
      <marc:subfield code="a">AGL</marc:subfield>
      <marc:subfield code="b">eng</marc:subfield>
      <marc:subfield code="c">AGL</marc:subfield>
   </marc:datafield>
   <marc:datafield tag="100" ind1="1" ind2=" ">
      <marc:subfield code="a">Mertelmeyer, Linda</marc:subfield>
      <marc:subfield code="e">author</marc:subfield>
      <marc:subfield code="u">Technical University of Munich, Munich, Germany</marc:subfield>
   </marc:datafield>
   <marc:datafield tag="245" ind1="1" ind2="0">
      <marc:subfield code="a">Regeneration of Metrosideros polymorpha forests in Hawaii after
                landscape‐level canopy dieback</marc:subfield>
   </marc:datafield>
   <marc:datafield tag="300" ind1=" " ind2=" ">
      <marc:subfield code="a">p. 146-155.</marc:subfield>
   </marc:datafield>
   <marc:datafield tag="500" ind1=" " ind2=" ">
      <marc:subfield code="a">JOURNAL ARTICLE</marc:subfield>
   </marc:datafield>
   <marc:datafield tag="520" ind1=" " ind2=" ">
      <marc:subfield code="a">QUESTIONS: (a) Have Metrosideros polymorpha trees become
                re‐established in Hawaiian forests previously impacted by canopy dieback in the
                1970s? (b) Has canopy dieback expanded since the 1970s? (c) Can spatial patterns
                from this dieback be correlated with habitat factors to model future dieback in this
                area? STUDY SITE: An 83,603 ha study area on the eastern slopes of Mauna Loa and
                Mauna Kea volcanoes on the island of Hawaii, USA. METHODS: We analyzed
                very‐high‐resolution imagery to assess status of Metrosideros polymorpha forests
                across the eastern side of the island of Hawaii. We generated 1,170 virtual
                vegetation plots with a 100‐m radius; 541 plots in areas mapped in 1977 with trees
                dead or mostly defoliated (dieback), and 629 plots in adjacent wet forest habitat,
                previously mapped as non‐dieback condition. In each plot we estimated the frequency
                of M. polymorpha trees that were dead or mostly defoliated, and the frequency of
                trees with healthy crowns. These results were combined with habitat data to produce
                a spatial model depicting probability of canopy dieback within the study area.
                RESULTS: Seventy‐nine percent of plots mapped in 1977 in dieback condition recovered
                their canopy and were now considered in non‐dieback condition. Ninety‐one percent of
                plots in previous non‐dieback areas were found to still have a healthy M. polymorpha
                canopy in 2015. A spatial model allowed us to identify areas within the study area
                with high, medium, and low probability of experiencing this same type of canopy
                dieback in the future. CONCLUSIONS: Most former dieback areas mapped within the
                study area in 1977 now show recovery of the tree canopy through growth of new
                cohorts of young M. polymorpha trees. This suggests these forest communities are
                resilient to this type of canopy loss and tree death so long as other factors do not
                disrupt the natural regeneration process.</marc:subfield>
   </marc:datafield>
   <marc:datafield tag="592" ind1=" " ind2=" ">
      <marc:subfield code="a">Publisher supplied data</marc:subfield>
   </marc:datafield>
   <marc:datafield tag="593" ind1=" " ind2=" ">
      <marc:subfield code="a">PubAg article</marc:subfield>
   </marc:datafield>
   <marc:datafield tag="596" ind1=" " ind2=" ">
      <marc:subfield code="c">U.S. Geological Survey, Pacific Island Ecosystems Research
                Center</marc:subfield>
   </marc:datafield>
   <marc:datafield tag="650" ind1=" " ind2="3">
      <marc:subfield code="a">Metrosideros polymorpha</marc:subfield>
   </marc:datafield>
   <marc:datafield tag="650" ind1=" " ind2="3">
      <marc:subfield code="a">canopy</marc:subfield>
   </marc:datafield>
   <marc:datafield tag="650" ind1=" " ind2="3">
      <marc:subfield code="a">dieback</marc:subfield>
   </marc:datafield>
   <marc:datafield tag="650" ind1=" " ind2="3">
      <marc:subfield code="a">forest communities</marc:subfield>
   </marc:datafield>
   <marc:datafield tag="650" ind1=" " ind2="3">
      <marc:subfield code="a">forests</marc:subfield>
   </marc:datafield>
   <marc:datafield tag="650" ind1=" " ind2="3">
      <marc:subfield code="a">habitats</marc:subfield>
   </marc:datafield>
   <marc:datafield tag="650" ind1=" " ind2="3">
      <marc:subfield code="a">models</marc:subfield>
   </marc:datafield>
   <marc:datafield tag="650" ind1=" " ind2="3">
      <marc:subfield code="a">mountains</marc:subfield>
   </marc:datafield>
   <marc:datafield tag="650" ind1=" " ind2="3">
      <marc:subfield code="a">natural regeneration</marc:subfield>
   </marc:datafield>
   <marc:datafield tag="650" ind1=" " ind2="3">
      <marc:subfield code="a">probability</marc:subfield>
   </marc:datafield>
   <marc:datafield tag="650" ind1=" " ind2="3">
      <marc:subfield code="a">topographic slope</marc:subfield>
   </marc:datafield>
   <marc:datafield tag="650" ind1=" " ind2="3">
      <marc:subfield code="a">tree mortality</marc:subfield>
   </marc:datafield>
   <marc:datafield tag="650" ind1=" " ind2="3">
      <marc:subfield code="a">trees</marc:subfield>
   </marc:datafield>
   <marc:datafield tag="650" ind1=" " ind2="3">
      <marc:subfield code="a">volcanoes</marc:subfield>
   </marc:datafield>
   <marc:datafield tag="651" ind1=" " ind2="3">
      <marc:subfield code="a">Hawaii (island)</marc:subfield>
   </marc:datafield>
   <marc:datafield tag="700" ind1="1" ind2=" ">
      <marc:subfield code="a">Jacobi, James D.</marc:subfield>
      <marc:subfield code="e">author</marc:subfield>
      <marc:subfield code="u">Pacific Island Ecosystems Research Center, U.S. Geological Survey,
                Hawaii National Park, Hawaii</marc:subfield>
      <marc:subfield code="1">https://orcid.org/0000-0003-2313-7862</marc:subfield>
   </marc:datafield>
   <marc:datafield tag="700" ind1="1" ind2=" ">
      <marc:subfield code="a">Mueller‐Dombois, Dieter</marc:subfield>
      <marc:subfield code="e">author</marc:subfield>
      <marc:subfield code="u">Department of Botany, University of Hawaii at Manoa, Honolulu,
                Hawaii</marc:subfield>
   </marc:datafield>
   <marc:datafield tag="700" ind1="1" ind2=" ">
      <marc:subfield code="a">Brinck, Kevin</marc:subfield>
      <marc:subfield code="e">author</marc:subfield>
      <marc:subfield code="u">Hawaii Cooperative Studies Unit, University of Hawaii at Hilo, Hilo,
                Hawaii</marc:subfield>
      <marc:subfield code="1">https://orcid.org/0000-0001-7581-2482</marc:subfield>
   </marc:datafield>
   <marc:datafield tag="700" ind1="1" ind2=" ">
      <marc:subfield code="a">Boehmer, Hans Juergen</marc:subfield>
      <marc:subfield code="e">author</marc:subfield>
      <marc:subfield code="u">School of Geography, Earth Science and Environment (SGESE),
                University of the South Pacific (USP), Laucala Bay, Suva, Fiji Islands</marc:subfield>
   </marc:datafield>
   <marc:datafield tag="773" ind1="0" ind2=" ">
      <marc:subfield code="t">Journal of vegetation science.</marc:subfield>
      <marc:subfield code="g">2019 Jan., v. 30, no. 1 p.146-155</marc:subfield>
      <marc:subfield code="d">John Wiley &amp; Sons, Ltd</marc:subfield>
      <marc:subfield code="w">Journal:jnl46820</marc:subfield>
      <marc:subfield code="x">1100-9233</marc:subfield>
      <marc:subfield code="7">nnas</marc:subfield>
   </marc:datafield>
   <marc:datafield tag="787" ind1="1" ind2=" ">
      <marc:subfield code="o">islandora_article_repository</marc:subfield>
   </marc:datafield>
   <marc:datafield tag="787" ind1="1" ind2=" ">
      <marc:subfield code="o">product_pubag</marc:subfield>
   </marc:datafield>
   <marc:datafield tag="787" ind1="1" ind2=" ">
      <marc:subfield code="o">(Journal)jnl46820</marc:subfield>
   </marc:datafield>
   <marc:datafield tag="856" ind1="4" ind2="0">
      <marc:subfield code="u">http://dx.doi.org/10.1111/jvs.12704</marc:subfield>
      <marc:subfield code="3">Available from publisher's site</marc:subfield>
   </marc:datafield>
   <marc:datafield tag="912" ind1=" " ind2=" ">
      <marc:subfield code="a">Article</marc:subfield>
   </marc:datafield>
   <marc:datafield tag="914" ind1=" " ind2=" ">
      <marc:subfield code="a">Journal:jnl46820</marc:subfield>
      <marc:subfield code="b">1100-9233</marc:subfield>
      <marc:subfield code="c">30</marc:subfield>
      <marc:subfield code="d">1</marc:subfield>
      <marc:subfield code="e">146</marc:subfield>
   </marc:datafield>
   <marc:datafield tag="914" ind1=" " ind2=" ">
      <marc:subfield code="f">Journal of vegetation science</marc:subfield>
   </marc:datafield>
   <marc:datafield tag="916" ind1=" " ind2=" ">
      <marc:subfield code="a">Batch:2190</marc:subfield>
   </marc:datafield>
   <marc:datafield tag="917" ind1=" " ind2=" ">
      <marc:subfield code="a">issued</marc:subfield>
   </marc:datafield>
   <marc:datafield tag="918" ind1="2" ind2=" ">
      <marc:subfield code="a">John Wiley &amp; Sons, Inc</marc:subfield>
      <marc:subfield code="e">provider</marc:subfield>
      <marc:subfield code="5">DNAL</marc:subfield>
   </marc:datafield>
   <marc:datafield tag="935" ind1=" " ind2=" ">
      <marc:subfield code="a">IND606324237</marc:subfield>
      <marc:subfield code="9">ExL</marc:subfield>
   </marc:datafield>
   <marc:datafield tag="949" ind1=" " ind2=" ">
      <marc:subfield code="a">2019-05-01</marc:subfield>
   </marc:datafield>
   <marc:datafield tag="953" ind1=" " ind2=" ">
      <marc:subfield code="a">/data/metadata/incoming/wiley/11009233_2019_30_1.xml</marc:subfield>
   </marc:datafield>
   <marc:datafield tag="954" ind1=" " ind2=" ">
      <marc:subfield code="a">file:/data/metadata/staging/wiley/11009233_2019_30_1.xml</marc:subfield>
   </marc:datafield>
   <marc:datafield tag="955" ind1=" " ind2=" ">
      <marc:subfield code="a">/data/metadata/staging/wiley/</marc:subfield>
   </marc:datafield>
   <marc:datafield tag="962" ind1=" " ind2=" ">
      <marc:subfield code="a">Batch:2190 reviewed on 2019-05-01T14:00:03Z</marc:subfield>
   </marc:datafield>
   <marc:datafield tag="974" ind1=" " ind2=" ">
      <marc:subfield code="a">agid:6324237</marc:subfield>
   </marc:datafield>
   <marc:datafield tag="983" ind1=" " ind2=" ">
      <marc:subfield code="a">2019-03-14</marc:subfield>
   </marc:datafield>
   <marc:datafield tag="984" ind1=" " ind2=" ">
      <marc:subfield code="a">2019-05-01</marc:subfield>
   </marc:datafield>
</marc:record>