
<marc:leader xmlns:marc="http://www.loc.gov/MARC21/slim">04702nab a2200673 u 4500</marc:leader>04702nab a2200673 u 4500
        <marc:controlfield xmlns:marc="http://www.loc.gov/MARC21/slim" tag="001">9915614131907426</marc:controlfield>9915614131907426
        <marc:controlfield xmlns:marc="http://www.loc.gov/MARC21/slim" tag="005">20221119002133.0</marc:controlfield>20221119002133.0
        <marc:controlfield xmlns:marc="http://www.loc.gov/MARC21/slim" tag="008">190314e201901 xx |||||o|||||||||||eng||</marc:controlfield>190314e201901 xx |||||o|||||||||||eng||
        <marc:datafield xmlns:marc="http://www.loc.gov/MARC21/slim"
                tag="016"
                ind1="7"
                ind2=" ">
   <marc:subfield code="a">IND606324237</marc:subfield>
   <marc:subfield code="2">DNAL</marc:subfield>
</marc:datafield>
<marc:subfield xmlns:marc="http://www.loc.gov/MARC21/slim" code="a">IND606324237</marc:subfield>IND606324237
            <marc:subfield xmlns:marc="http://www.loc.gov/MARC21/slim" code="2">DNAL</marc:subfield>DNAL
        <marc:datafield xmlns:marc="http://www.loc.gov/MARC21/slim"
                tag="024"
                ind1="7"
                ind2=" ">
   <marc:subfield code="a">10.1111/jvs.12704</marc:subfield>
   <marc:subfield code="2">doi</marc:subfield>
</marc:datafield>
<marc:subfield xmlns:marc="http://www.loc.gov/MARC21/slim" code="a">10.1111/jvs.12704</marc:subfield>10.1111/jvs.12704
            <marc:subfield xmlns:marc="http://www.loc.gov/MARC21/slim" code="2">doi</marc:subfield>doi
        <marc:datafield xmlns:marc="http://www.loc.gov/MARC21/slim"
                tag="035"
                ind1=" "
                ind2=" ">
   <marc:subfield code="a">agid:6324237-01nal_inst</marc:subfield>
</marc:datafield>
<marc:subfield xmlns:marc="http://www.loc.gov/MARC21/slim" code="a">agid:6324237-01nal_inst</marc:subfield>agid:6324237-01nal_inst
        <marc:datafield xmlns:marc="http://www.loc.gov/MARC21/slim"
                tag="040"
                ind1=" "
                ind2=" ">
   <marc:subfield code="a">AGL</marc:subfield>
   <marc:subfield code="b">eng</marc:subfield>
   <marc:subfield code="c">AGL</marc:subfield>
</marc:datafield>
<marc:subfield xmlns:marc="http://www.loc.gov/MARC21/slim" code="a">AGL</marc:subfield>AGL
            <marc:subfield xmlns:marc="http://www.loc.gov/MARC21/slim" code="b">eng</marc:subfield>eng
            <marc:subfield xmlns:marc="http://www.loc.gov/MARC21/slim" code="c">AGL</marc:subfield>AGL
        <marc:datafield xmlns:marc="http://www.loc.gov/MARC21/slim"
                tag="100"
                ind1="1"
                ind2=" ">
   <marc:subfield code="a">Mertelmeyer, Linda</marc:subfield>
   <marc:subfield code="e">author</marc:subfield>
   <marc:subfield code="u">Technical University of Munich, Munich, Germany</marc:subfield>
</marc:datafield>
<marc:subfield xmlns:marc="http://www.loc.gov/MARC21/slim" code="a">Mertelmeyer, Linda</marc:subfield>Mertelmeyer, Linda
            <marc:subfield xmlns:marc="http://www.loc.gov/MARC21/slim" code="e">author</marc:subfield>author
            <marc:subfield xmlns:marc="http://www.loc.gov/MARC21/slim" code="u">Technical University of Munich, Munich, Germany</marc:subfield>Technical University of Munich, Munich, Germany
        <marc:datafield xmlns:marc="http://www.loc.gov/MARC21/slim"
                tag="245"
                ind1="1"
                ind2="0">
   <marc:subfield code="a">Regeneration of Metrosideros polymorpha forests in Hawaii after
                landscape‐level canopy dieback</marc:subfield>
</marc:datafield>
<marc:subfield xmlns:marc="http://www.loc.gov/MARC21/slim" code="a">Regeneration of Metrosideros polymorpha forests in Hawaii after
                landscape‐level canopy dieback</marc:subfield>Regeneration of Metrosideros polymorpha forests in Hawaii after
                landscape‐level canopy dieback
        <marc:datafield xmlns:marc="http://www.loc.gov/MARC21/slim"
                tag="300"
                ind1=" "
                ind2=" ">
   <marc:subfield code="a">p. 146-155.</marc:subfield>
</marc:datafield>
<marc:subfield xmlns:marc="http://www.loc.gov/MARC21/slim" code="a">p. 146-155.</marc:subfield>p. 146-155.
        <marc:datafield xmlns:marc="http://www.loc.gov/MARC21/slim"
                tag="500"
                ind1=" "
                ind2=" ">
   <marc:subfield code="a">JOURNAL ARTICLE</marc:subfield>
</marc:datafield>
<marc:subfield xmlns:marc="http://www.loc.gov/MARC21/slim" code="a">JOURNAL ARTICLE</marc:subfield>JOURNAL ARTICLE
        <marc:datafield xmlns:marc="http://www.loc.gov/MARC21/slim"
                tag="520"
                ind1=" "
                ind2=" ">
   <marc:subfield code="a">QUESTIONS: (a) Have Metrosideros polymorpha trees become
                re‐established in Hawaiian forests previously impacted by canopy dieback in the
                1970s? (b) Has canopy dieback expanded since the 1970s? (c) Can spatial patterns
                from this dieback be correlated with habitat factors to model future dieback in this
                area? STUDY SITE: An 83,603 ha study area on the eastern slopes of Mauna Loa and
                Mauna Kea volcanoes on the island of Hawaii, USA. METHODS: We analyzed
                very‐high‐resolution imagery to assess status of Metrosideros polymorpha forests
                across the eastern side of the island of Hawaii. We generated 1,170 virtual
                vegetation plots with a 100‐m radius; 541 plots in areas mapped in 1977 with trees
                dead or mostly defoliated (dieback), and 629 plots in adjacent wet forest habitat,
                previously mapped as non‐dieback condition. In each plot we estimated the frequency
                of M. polymorpha trees that were dead or mostly defoliated, and the frequency of
                trees with healthy crowns. These results were combined with habitat data to produce
                a spatial model depicting probability of canopy dieback within the study area.
                RESULTS: Seventy‐nine percent of plots mapped in 1977 in dieback condition recovered
                their canopy and were now considered in non‐dieback condition. Ninety‐one percent of
                plots in previous non‐dieback areas were found to still have a healthy M. polymorpha
                canopy in 2015. A spatial model allowed us to identify areas within the study area
                with high, medium, and low probability of experiencing this same type of canopy
                dieback in the future. CONCLUSIONS: Most former dieback areas mapped within the
                study area in 1977 now show recovery of the tree canopy through growth of new
                cohorts of young M. polymorpha trees. This suggests these forest communities are
                resilient to this type of canopy loss and tree death so long as other factors do not
                disrupt the natural regeneration process.</marc:subfield>
</marc:datafield>
<marc:subfield xmlns:marc="http://www.loc.gov/MARC21/slim" code="a">QUESTIONS: (a) Have Metrosideros polymorpha trees become
                re‐established in Hawaiian forests previously impacted by canopy dieback in the
                1970s? (b) Has canopy dieback expanded since the 1970s? (c) Can spatial patterns
                from this dieback be correlated with habitat factors to model future dieback in this
                area? STUDY SITE: An 83,603 ha study area on the eastern slopes of Mauna Loa and
                Mauna Kea volcanoes on the island of Hawaii, USA. METHODS: We analyzed
                very‐high‐resolution imagery to assess status of Metrosideros polymorpha forests
                across the eastern side of the island of Hawaii. We generated 1,170 virtual
                vegetation plots with a 100‐m radius; 541 plots in areas mapped in 1977 with trees
                dead or mostly defoliated (dieback), and 629 plots in adjacent wet forest habitat,
                previously mapped as non‐dieback condition. In each plot we estimated the frequency
                of M. polymorpha trees that were dead or mostly defoliated, and the frequency of
                trees with healthy crowns. These results were combined with habitat data to produce
                a spatial model depicting probability of canopy dieback within the study area.
                RESULTS: Seventy‐nine percent of plots mapped in 1977 in dieback condition recovered
                their canopy and were now considered in non‐dieback condition. Ninety‐one percent of
                plots in previous non‐dieback areas were found to still have a healthy M. polymorpha
                canopy in 2015. A spatial model allowed us to identify areas within the study area
                with high, medium, and low probability of experiencing this same type of canopy
                dieback in the future. CONCLUSIONS: Most former dieback areas mapped within the
                study area in 1977 now show recovery of the tree canopy through growth of new
                cohorts of young M. polymorpha trees. This suggests these forest communities are
                resilient to this type of canopy loss and tree death so long as other factors do not
                disrupt the natural regeneration process.</marc:subfield>QUESTIONS: (a) Have Metrosideros polymorpha trees become
                re‐established in Hawaiian forests previously impacted by canopy dieback in the
                1970s? (b) Has canopy dieback expanded since the 1970s? (c) Can spatial patterns
                from this dieback be correlated with habitat factors to model future dieback in this
                area? STUDY SITE: An 83,603 ha study area on the eastern slopes of Mauna Loa and
                Mauna Kea volcanoes on the island of Hawaii, USA. METHODS: We analyzed
                very‐high‐resolution imagery to assess status of Metrosideros polymorpha forests
                across the eastern side of the island of Hawaii. We generated 1,170 virtual
                vegetation plots with a 100‐m radius; 541 plots in areas mapped in 1977 with trees
                dead or mostly defoliated (dieback), and 629 plots in adjacent wet forest habitat,
                previously mapped as non‐dieback condition. In each plot we estimated the frequency
                of M. polymorpha trees that were dead or mostly defoliated, and the frequency of
                trees with healthy crowns. These results were combined with habitat data to produce
                a spatial model depicting probability of canopy dieback within the study area.
                RESULTS: Seventy‐nine percent of plots mapped in 1977 in dieback condition recovered
                their canopy and were now considered in non‐dieback condition. Ninety‐one percent of
                plots in previous non‐dieback areas were found to still have a healthy M. polymorpha
                canopy in 2015. A spatial model allowed us to identify areas within the study area
                with high, medium, and low probability of experiencing this same type of canopy
                dieback in the future. CONCLUSIONS: Most former dieback areas mapped within the
                study area in 1977 now show recovery of the tree canopy through growth of new
                cohorts of young M. polymorpha trees. This suggests these forest communities are
                resilient to this type of canopy loss and tree death so long as other factors do not
                disrupt the natural regeneration process.
        <marc:datafield xmlns:marc="http://www.loc.gov/MARC21/slim"
                tag="592"
                ind1=" "
                ind2=" ">
   <marc:subfield code="a">Publisher supplied data</marc:subfield>
</marc:datafield>
<marc:subfield xmlns:marc="http://www.loc.gov/MARC21/slim" code="a">Publisher supplied data</marc:subfield>Publisher supplied data
        <marc:datafield xmlns:marc="http://www.loc.gov/MARC21/slim"
                tag="593"
                ind1=" "
                ind2=" ">
   <marc:subfield code="a">PubAg article</marc:subfield>
</marc:datafield>
<marc:subfield xmlns:marc="http://www.loc.gov/MARC21/slim" code="a">PubAg article</marc:subfield>PubAg article
        <marc:datafield xmlns:marc="http://www.loc.gov/MARC21/slim"
                tag="596"
                ind1=" "
                ind2=" ">
   <marc:subfield code="c">U.S. Geological Survey, Pacific Island Ecosystems Research
                Center</marc:subfield>
</marc:datafield>
<marc:subfield xmlns:marc="http://www.loc.gov/MARC21/slim" code="c">U.S. Geological Survey, Pacific Island Ecosystems Research
                Center</marc:subfield>U.S. Geological Survey, Pacific Island Ecosystems Research
                Center
        <marc:datafield xmlns:marc="http://www.loc.gov/MARC21/slim"
                tag="650"
                ind1=" "
                ind2="3">
   <marc:subfield code="a">Metrosideros polymorpha</marc:subfield>
</marc:datafield>
<marc:subfield xmlns:marc="http://www.loc.gov/MARC21/slim" code="a">Metrosideros polymorpha</marc:subfield>Metrosideros polymorpha
        <marc:datafield xmlns:marc="http://www.loc.gov/MARC21/slim"
                tag="650"
                ind1=" "
                ind2="3">
   <marc:subfield code="a">canopy</marc:subfield>
</marc:datafield>
<marc:subfield xmlns:marc="http://www.loc.gov/MARC21/slim" code="a">canopy</marc:subfield>canopy
        <marc:datafield xmlns:marc="http://www.loc.gov/MARC21/slim"
                tag="650"
                ind1=" "
                ind2="3">
   <marc:subfield code="a">dieback</marc:subfield>
</marc:datafield>
<marc:subfield xmlns:marc="http://www.loc.gov/MARC21/slim" code="a">dieback</marc:subfield>dieback
        <marc:datafield xmlns:marc="http://www.loc.gov/MARC21/slim"
                tag="650"
                ind1=" "
                ind2="3">
   <marc:subfield code="a">forest communities</marc:subfield>
</marc:datafield>
<marc:subfield xmlns:marc="http://www.loc.gov/MARC21/slim" code="a">forest communities</marc:subfield>forest communities
        <marc:datafield xmlns:marc="http://www.loc.gov/MARC21/slim"
                tag="650"
                ind1=" "
                ind2="3">
   <marc:subfield code="a">forests</marc:subfield>
</marc:datafield>
<marc:subfield xmlns:marc="http://www.loc.gov/MARC21/slim" code="a">forests</marc:subfield>forests
        <marc:datafield xmlns:marc="http://www.loc.gov/MARC21/slim"
                tag="650"
                ind1=" "
                ind2="3">
   <marc:subfield code="a">habitats</marc:subfield>
</marc:datafield>
<marc:subfield xmlns:marc="http://www.loc.gov/MARC21/slim" code="a">habitats</marc:subfield>habitats
        <marc:datafield xmlns:marc="http://www.loc.gov/MARC21/slim"
                tag="650"
                ind1=" "
                ind2="3">
   <marc:subfield code="a">models</marc:subfield>
</marc:datafield>
<marc:subfield xmlns:marc="http://www.loc.gov/MARC21/slim" code="a">models</marc:subfield>models
        <marc:datafield xmlns:marc="http://www.loc.gov/MARC21/slim"
                tag="650"
                ind1=" "
                ind2="3">
   <marc:subfield code="a">mountains</marc:subfield>
</marc:datafield>
<marc:subfield xmlns:marc="http://www.loc.gov/MARC21/slim" code="a">mountains</marc:subfield>mountains
        <marc:datafield xmlns:marc="http://www.loc.gov/MARC21/slim"
                tag="650"
                ind1=" "
                ind2="3">
   <marc:subfield code="a">natural regeneration</marc:subfield>
</marc:datafield>
<marc:subfield xmlns:marc="http://www.loc.gov/MARC21/slim" code="a">natural regeneration</marc:subfield>natural regeneration
        <marc:datafield xmlns:marc="http://www.loc.gov/MARC21/slim"
                tag="650"
                ind1=" "
                ind2="3">
   <marc:subfield code="a">probability</marc:subfield>
</marc:datafield>
<marc:subfield xmlns:marc="http://www.loc.gov/MARC21/slim" code="a">probability</marc:subfield>probability
        <marc:datafield xmlns:marc="http://www.loc.gov/MARC21/slim"
                tag="650"
                ind1=" "
                ind2="3">
   <marc:subfield code="a">topographic slope</marc:subfield>
</marc:datafield>
<marc:subfield xmlns:marc="http://www.loc.gov/MARC21/slim" code="a">topographic slope</marc:subfield>topographic slope
        <marc:datafield xmlns:marc="http://www.loc.gov/MARC21/slim"
                tag="650"
                ind1=" "
                ind2="3">
   <marc:subfield code="a">tree mortality</marc:subfield>
</marc:datafield>
<marc:subfield xmlns:marc="http://www.loc.gov/MARC21/slim" code="a">tree mortality</marc:subfield>tree mortality
        <marc:datafield xmlns:marc="http://www.loc.gov/MARC21/slim"
                tag="650"
                ind1=" "
                ind2="3">
   <marc:subfield code="a">trees</marc:subfield>
</marc:datafield>
<marc:subfield xmlns:marc="http://www.loc.gov/MARC21/slim" code="a">trees</marc:subfield>trees
        <marc:datafield xmlns:marc="http://www.loc.gov/MARC21/slim"
                tag="650"
                ind1=" "
                ind2="3">
   <marc:subfield code="a">volcanoes</marc:subfield>
</marc:datafield>
<marc:subfield xmlns:marc="http://www.loc.gov/MARC21/slim" code="a">volcanoes</marc:subfield>volcanoes
        <marc:datafield xmlns:marc="http://www.loc.gov/MARC21/slim"
                tag="651"
                ind1=" "
                ind2="3">
   <marc:subfield code="a">Hawaii (island)</marc:subfield>
</marc:datafield>
<marc:subfield xmlns:marc="http://www.loc.gov/MARC21/slim" code="a">Hawaii (island)</marc:subfield>Hawaii (island)
        <marc:datafield xmlns:marc="http://www.loc.gov/MARC21/slim"
                tag="700"
                ind1="1"
                ind2=" ">
   <marc:subfield code="a">Jacobi, James D.</marc:subfield>
   <marc:subfield code="e">author</marc:subfield>
   <marc:subfield code="u">Pacific Island Ecosystems Research Center, U.S. Geological Survey,
                Hawaii National Park, Hawaii</marc:subfield>
   <marc:subfield code="1">https://orcid.org/0000-0003-2313-7862</marc:subfield>
</marc:datafield>
<marc:subfield xmlns:marc="http://www.loc.gov/MARC21/slim" code="a">Jacobi, James D.</marc:subfield>Jacobi, James D.
            <marc:subfield xmlns:marc="http://www.loc.gov/MARC21/slim" code="e">author</marc:subfield>author
            <marc:subfield xmlns:marc="http://www.loc.gov/MARC21/slim" code="u">Pacific Island Ecosystems Research Center, U.S. Geological Survey,
                Hawaii National Park, Hawaii</marc:subfield>Pacific Island Ecosystems Research Center, U.S. Geological Survey,
                Hawaii National Park, Hawaii
            <marc:subfield xmlns:marc="http://www.loc.gov/MARC21/slim" code="1">https://orcid.org/0000-0003-2313-7862</marc:subfield>https://orcid.org/0000-0003-2313-7862
        <marc:datafield xmlns:marc="http://www.loc.gov/MARC21/slim"
                tag="700"
                ind1="1"
                ind2=" ">
   <marc:subfield code="a">Mueller‐Dombois, Dieter</marc:subfield>
   <marc:subfield code="e">author</marc:subfield>
   <marc:subfield code="u">Department of Botany, University of Hawaii at Manoa, Honolulu,
                Hawaii</marc:subfield>
</marc:datafield>
<marc:subfield xmlns:marc="http://www.loc.gov/MARC21/slim" code="a">Mueller‐Dombois, Dieter</marc:subfield>Mueller‐Dombois, Dieter
            <marc:subfield xmlns:marc="http://www.loc.gov/MARC21/slim" code="e">author</marc:subfield>author
            <marc:subfield xmlns:marc="http://www.loc.gov/MARC21/slim" code="u">Department of Botany, University of Hawaii at Manoa, Honolulu,
                Hawaii</marc:subfield>Department of Botany, University of Hawaii at Manoa, Honolulu,
                Hawaii
        <marc:datafield xmlns:marc="http://www.loc.gov/MARC21/slim"
                tag="700"
                ind1="1"
                ind2=" ">
   <marc:subfield code="a">Brinck, Kevin</marc:subfield>
   <marc:subfield code="e">author</marc:subfield>
   <marc:subfield code="u">Hawaii Cooperative Studies Unit, University of Hawaii at Hilo, Hilo,
                Hawaii</marc:subfield>
   <marc:subfield code="1">https://orcid.org/0000-0001-7581-2482</marc:subfield>
</marc:datafield>
<marc:subfield xmlns:marc="http://www.loc.gov/MARC21/slim" code="a">Brinck, Kevin</marc:subfield>Brinck, Kevin
            <marc:subfield xmlns:marc="http://www.loc.gov/MARC21/slim" code="e">author</marc:subfield>author
            <marc:subfield xmlns:marc="http://www.loc.gov/MARC21/slim" code="u">Hawaii Cooperative Studies Unit, University of Hawaii at Hilo, Hilo,
                Hawaii</marc:subfield>Hawaii Cooperative Studies Unit, University of Hawaii at Hilo, Hilo,
                Hawaii
            <marc:subfield xmlns:marc="http://www.loc.gov/MARC21/slim" code="1">https://orcid.org/0000-0001-7581-2482</marc:subfield>https://orcid.org/0000-0001-7581-2482
        <marc:datafield xmlns:marc="http://www.loc.gov/MARC21/slim"
                tag="700"
                ind1="1"
                ind2=" ">
   <marc:subfield code="a">Boehmer, Hans Juergen</marc:subfield>
   <marc:subfield code="e">author</marc:subfield>
   <marc:subfield code="u">School of Geography, Earth Science and Environment (SGESE),
                University of the South Pacific (USP), Laucala Bay, Suva, Fiji Islands</marc:subfield>
</marc:datafield>
<marc:subfield xmlns:marc="http://www.loc.gov/MARC21/slim" code="a">Boehmer, Hans Juergen</marc:subfield>Boehmer, Hans Juergen
            <marc:subfield xmlns:marc="http://www.loc.gov/MARC21/slim" code="e">author</marc:subfield>author
            <marc:subfield xmlns:marc="http://www.loc.gov/MARC21/slim" code="u">School of Geography, Earth Science and Environment (SGESE),
                University of the South Pacific (USP), Laucala Bay, Suva, Fiji Islands</marc:subfield>School of Geography, Earth Science and Environment (SGESE),
                University of the South Pacific (USP), Laucala Bay, Suva, Fiji Islands
        <marc:datafield xmlns:marc="http://www.loc.gov/MARC21/slim"
                tag="773"
                ind1="0"
                ind2=" ">
   <marc:subfield code="t">Journal of vegetation science.</marc:subfield>
   <marc:subfield code="g">2019 Jan., v. 30, no. 1 p.146-155</marc:subfield>
   <marc:subfield code="d">John Wiley &amp; Sons, Ltd</marc:subfield>
   <marc:subfield code="w">Journal:jnl46820</marc:subfield>
   <marc:subfield code="x">1100-9233</marc:subfield>
   <marc:subfield code="7">nnas</marc:subfield>
</marc:datafield>
<marc:subfield xmlns:marc="http://www.loc.gov/MARC21/slim" code="t">Journal of vegetation science.</marc:subfield>Journal of vegetation science.
            <marc:subfield xmlns:marc="http://www.loc.gov/MARC21/slim" code="g">2019 Jan., v. 30, no. 1 p.146-155</marc:subfield>2019 Jan., v. 30, no. 1 p.146-155
            <marc:subfield xmlns:marc="http://www.loc.gov/MARC21/slim" code="d">John Wiley &amp; Sons, Ltd</marc:subfield>John Wiley &amp; Sons, Ltd
            <marc:subfield xmlns:marc="http://www.loc.gov/MARC21/slim" code="w">Journal:jnl46820</marc:subfield>Journal:jnl46820
            <marc:subfield xmlns:marc="http://www.loc.gov/MARC21/slim" code="x">1100-9233</marc:subfield>1100-9233
            <marc:subfield xmlns:marc="http://www.loc.gov/MARC21/slim" code="7">nnas</marc:subfield>nnas
        <marc:datafield xmlns:marc="http://www.loc.gov/MARC21/slim"
                tag="787"
                ind1="1"
                ind2=" ">
   <marc:subfield code="o">islandora_article_repository</marc:subfield>
</marc:datafield>
<marc:subfield xmlns:marc="http://www.loc.gov/MARC21/slim" code="o">islandora_article_repository</marc:subfield>islandora_article_repository
        <marc:datafield xmlns:marc="http://www.loc.gov/MARC21/slim"
                tag="787"
                ind1="1"
                ind2=" ">
   <marc:subfield code="o">product_pubag</marc:subfield>
</marc:datafield>
<marc:subfield xmlns:marc="http://www.loc.gov/MARC21/slim" code="o">product_pubag</marc:subfield>product_pubag
        <marc:datafield xmlns:marc="http://www.loc.gov/MARC21/slim"
                tag="787"
                ind1="1"
                ind2=" ">
   <marc:subfield code="o">(Journal)jnl46820</marc:subfield>
</marc:datafield>
<marc:subfield xmlns:marc="http://www.loc.gov/MARC21/slim" code="o">(Journal)jnl46820</marc:subfield>(Journal)jnl46820
        <marc:datafield xmlns:marc="http://www.loc.gov/MARC21/slim"
                tag="856"
                ind1="4"
                ind2="0">
   <marc:subfield code="u">http://dx.doi.org/10.1111/jvs.12704</marc:subfield>
   <marc:subfield code="3">Available from publisher's site</marc:subfield>
</marc:datafield>
<marc:subfield xmlns:marc="http://www.loc.gov/MARC21/slim" code="u">http://dx.doi.org/10.1111/jvs.12704</marc:subfield>http://dx.doi.org/10.1111/jvs.12704
            <marc:subfield xmlns:marc="http://www.loc.gov/MARC21/slim" code="3">Available from publisher's site</marc:subfield>Available from publisher's site
        <marc:datafield xmlns:marc="http://www.loc.gov/MARC21/slim"
                tag="912"
                ind1=" "
                ind2=" ">
   <marc:subfield code="a">Article</marc:subfield>
</marc:datafield>
<marc:subfield xmlns:marc="http://www.loc.gov/MARC21/slim" code="a">Article</marc:subfield>Article
        <marc:datafield xmlns:marc="http://www.loc.gov/MARC21/slim"
                tag="914"
                ind1=" "
                ind2=" ">
   <marc:subfield code="a">Journal:jnl46820</marc:subfield>
   <marc:subfield code="b">1100-9233</marc:subfield>
   <marc:subfield code="c">30</marc:subfield>
   <marc:subfield code="d">1</marc:subfield>
   <marc:subfield code="e">146</marc:subfield>
</marc:datafield>
<marc:subfield xmlns:marc="http://www.loc.gov/MARC21/slim" code="a">Journal:jnl46820</marc:subfield>Journal:jnl46820
            <marc:subfield xmlns:marc="http://www.loc.gov/MARC21/slim" code="b">1100-9233</marc:subfield>1100-9233
            <marc:subfield xmlns:marc="http://www.loc.gov/MARC21/slim" code="c">30</marc:subfield>30
            <marc:subfield xmlns:marc="http://www.loc.gov/MARC21/slim" code="d">1</marc:subfield>1
            <marc:subfield xmlns:marc="http://www.loc.gov/MARC21/slim" code="e">146</marc:subfield>146
        <marc:datafield xmlns:marc="http://www.loc.gov/MARC21/slim"
                tag="914"
                ind1=" "
                ind2=" ">
   <marc:subfield code="f">Journal of vegetation science</marc:subfield>
</marc:datafield>
<marc:subfield xmlns:marc="http://www.loc.gov/MARC21/slim" code="f">Journal of vegetation science</marc:subfield>Journal of vegetation science
        <marc:datafield xmlns:marc="http://www.loc.gov/MARC21/slim"
                tag="916"
                ind1=" "
                ind2=" ">
   <marc:subfield code="a">Batch:2190</marc:subfield>
</marc:datafield>
<marc:subfield xmlns:marc="http://www.loc.gov/MARC21/slim" code="a">Batch:2190</marc:subfield>Batch:2190
        <marc:datafield xmlns:marc="http://www.loc.gov/MARC21/slim"
                tag="917"
                ind1=" "
                ind2=" ">
   <marc:subfield code="a">issued</marc:subfield>
</marc:datafield>
<marc:subfield xmlns:marc="http://www.loc.gov/MARC21/slim" code="a">issued</marc:subfield>issued
        <marc:datafield xmlns:marc="http://www.loc.gov/MARC21/slim"
                tag="918"
                ind1="2"
                ind2=" ">
   <marc:subfield code="a">John Wiley &amp; Sons, Inc</marc:subfield>
   <marc:subfield code="e">provider</marc:subfield>
   <marc:subfield code="5">DNAL</marc:subfield>
</marc:datafield>
<marc:subfield xmlns:marc="http://www.loc.gov/MARC21/slim" code="a">John Wiley &amp; Sons, Inc</marc:subfield>John Wiley &amp; Sons, Inc
            <marc:subfield xmlns:marc="http://www.loc.gov/MARC21/slim" code="e">provider</marc:subfield>provider
            <marc:subfield xmlns:marc="http://www.loc.gov/MARC21/slim" code="5">DNAL</marc:subfield>DNAL
        <marc:datafield xmlns:marc="http://www.loc.gov/MARC21/slim"
                tag="935"
                ind1=" "
                ind2=" ">
   <marc:subfield code="a">IND606324237</marc:subfield>
   <marc:subfield code="9">ExL</marc:subfield>
</marc:datafield>
<marc:subfield xmlns:marc="http://www.loc.gov/MARC21/slim" code="a">IND606324237</marc:subfield>IND606324237
            <marc:subfield xmlns:marc="http://www.loc.gov/MARC21/slim" code="9">ExL</marc:subfield>ExL
        <marc:datafield xmlns:marc="http://www.loc.gov/MARC21/slim"
                tag="949"
                ind1=" "
                ind2=" ">
   <marc:subfield code="a">2019-05-01</marc:subfield>
</marc:datafield>
<marc:subfield xmlns:marc="http://www.loc.gov/MARC21/slim" code="a">2019-05-01</marc:subfield>2019-05-01
        <marc:datafield xmlns:marc="http://www.loc.gov/MARC21/slim"
                tag="953"
                ind1=" "
                ind2=" ">
   <marc:subfield code="a">/data/metadata/incoming/wiley/11009233_2019_30_1.xml</marc:subfield>
</marc:datafield>
<marc:subfield xmlns:marc="http://www.loc.gov/MARC21/slim" code="a">/data/metadata/incoming/wiley/11009233_2019_30_1.xml</marc:subfield>/data/metadata/incoming/wiley/11009233_2019_30_1.xml
        <marc:datafield xmlns:marc="http://www.loc.gov/MARC21/slim"
                tag="954"
                ind1=" "
                ind2=" ">
   <marc:subfield code="a">file:/data/metadata/staging/wiley/11009233_2019_30_1.xml</marc:subfield>
</marc:datafield>
<marc:subfield xmlns:marc="http://www.loc.gov/MARC21/slim" code="a">file:/data/metadata/staging/wiley/11009233_2019_30_1.xml</marc:subfield>file:/data/metadata/staging/wiley/11009233_2019_30_1.xml
        <marc:datafield xmlns:marc="http://www.loc.gov/MARC21/slim"
                tag="955"
                ind1=" "
                ind2=" ">
   <marc:subfield code="a">/data/metadata/staging/wiley/</marc:subfield>
</marc:datafield>
<marc:subfield xmlns:marc="http://www.loc.gov/MARC21/slim" code="a">/data/metadata/staging/wiley/</marc:subfield>/data/metadata/staging/wiley/
        <marc:datafield xmlns:marc="http://www.loc.gov/MARC21/slim"
                tag="962"
                ind1=" "
                ind2=" ">
   <marc:subfield code="a">Batch:2190 reviewed on 2019-05-01T14:00:03Z</marc:subfield>
</marc:datafield>
<marc:subfield xmlns:marc="http://www.loc.gov/MARC21/slim" code="a">Batch:2190 reviewed on 2019-05-01T14:00:03Z</marc:subfield>Batch:2190 reviewed on 2019-05-01T14:00:03Z
        <marc:datafield xmlns:marc="http://www.loc.gov/MARC21/slim"
                tag="974"
                ind1=" "
                ind2=" ">
   <marc:subfield code="a">agid:6324237</marc:subfield>
</marc:datafield>
<marc:subfield xmlns:marc="http://www.loc.gov/MARC21/slim" code="a">agid:6324237</marc:subfield>agid:6324237
        <marc:datafield xmlns:marc="http://www.loc.gov/MARC21/slim"
                tag="983"
                ind1=" "
                ind2=" ">
   <marc:subfield code="a">2019-03-14</marc:subfield>
</marc:datafield>
<marc:subfield xmlns:marc="http://www.loc.gov/MARC21/slim" code="a">2019-03-14</marc:subfield>2019-03-14
        <marc:datafield xmlns:marc="http://www.loc.gov/MARC21/slim"
                tag="984"
                ind1=" "
                ind2=" ">
   <marc:subfield code="a">2019-05-01</marc:subfield>
</marc:datafield>
<marc:subfield xmlns:marc="http://www.loc.gov/MARC21/slim" code="a">2019-05-01</marc:subfield>2019-05-01
    <marc:record xmlns:marc="http://www.loc.gov/MARC21/slim">
   <marc:leader>04531nab a2200625 u 4500</marc:leader>
   <marc:controlfield tag="001">9915620021407426</marc:controlfield>
   <marc:controlfield tag="005">20221118231846.0</marc:controlfield>
   <marc:controlfield tag="008">190816e201906 xx |||||o|||||||||||eng||</marc:controlfield>
   <marc:datafield tag="016" ind1="7" ind2=" ">
      <marc:subfield code="a">IND606452556</marc:subfield>
      <marc:subfield code="2">DNAL</marc:subfield>
   </marc:datafield>
   <marc:datafield tag="024" ind1="7" ind2=" ">
      <marc:subfield code="a">10.1007/s10021-018-0297-2</marc:subfield>
      <marc:subfield code="2">doi</marc:subfield>
   </marc:datafield>
   <marc:datafield tag="035" ind1=" " ind2=" ">
      <marc:subfield code="a">agid:6452556-01nal_inst</marc:subfield>
   </marc:datafield>
   <marc:datafield tag="040" ind1=" " ind2=" ">
      <marc:subfield code="a">AGL</marc:subfield>
      <marc:subfield code="b">eng</marc:subfield>
      <marc:subfield code="c">AGL</marc:subfield>
   </marc:datafield>
   <marc:datafield tag="100" ind1="1" ind2=" ">
      <marc:subfield code="a">Kulha, Niko</marc:subfield>
      <marc:subfield code="e">author</marc:subfield>
      <marc:subfield code="u">Department of Forest Sciences, University of Helsinki, P.O. Box 27,
                00014, Helsinki, Finland. niko.kulha@helsinki.fi</marc:subfield>
      <marc:subfield code="1">https://orcid.org/0000-0002-1610-9938</marc:subfield>
   </marc:datafield>
   <marc:datafield tag="245" ind1="1" ind2="0">
      <marc:subfield code="a">At What Scales and Why Does Forest Structure Vary in Naturally
                Dynamic Boreal Forests? An Analysis of Forest Landscapes on Two
                Continents</marc:subfield>
   </marc:datafield>
   <marc:datafield tag="300" ind1=" " ind2=" ">
      <marc:subfield code="a">p. 709-724.</marc:subfield>
   </marc:datafield>
   <marc:datafield tag="520" ind1=" " ind2=" ">
      <marc:subfield code="a">Identifying the scales of variation in forest structures and the
                underlying processes are fundamental for understanding forest dynamics. Here, we
                studied these scale-dependencies in forest structure in naturally dynamic boreal
                forests on two continents. We identified the spatial scales at which forest
                structures varied, and analyzed how the scales of variation and the underlying
                drivers differed among the regions and at particular scales. We studied three
                2 km × 2 km landscapes in northeastern Finland and two in eastern Canada. We
                estimated canopy cover in contiguous 0.1-ha cells from aerial photographs and used
                scale-derivative analysis to identify characteristic scales of variation in the
                canopy cover data. We analyzed the patterns of variation at these scales using
                Bayesian scale space analysis. We identified structural variation at three spatial
                scales in each landscape. Among landscapes, the largest scale of variation showed
                the greatest variability (20.1–321.4 ha), related to topography, soil variability,
                and long-term disturbance history. Superimposed on this large-scale variation,
                forest structure varied at similar scales (1.3–2.8 ha) in all landscapes. This
                variation correlated with recent disturbances, soil variability, and topographic
                position. We also detected intense variation at the smallest scale analyzed (0.1 ha,
                grain of our data), partly driven by recent disturbances. The distinct scales of
                variation indicated hierarchical structure in the landscapes studied. Except for the
                large-scale variation, these scales were remarkably similar among the landscapes.
                This suggests that boreal forests may display characteristic scales of variation
                that occur somewhat independent of the tree species characteristics or the
                disturbance regime.</marc:subfield>
   </marc:datafield>
   <marc:datafield tag="592" ind1=" " ind2=" ">
      <marc:subfield code="a">Publisher supplied data</marc:subfield>
   </marc:datafield>
   <marc:datafield tag="593" ind1=" " ind2=" ">
      <marc:subfield code="a">PubAg article</marc:subfield>
   </marc:datafield>
   <marc:datafield tag="596" ind1=" " ind2=" ">
      <marc:subfield code="a">252629</marc:subfield>
      <marc:subfield code="c">Suomen Akatemia</marc:subfield>
   </marc:datafield>
   <marc:datafield tag="596" ind1=" " ind2=" ">
      <marc:subfield code="a">276022</marc:subfield>
      <marc:subfield code="c">Suomen Akatemia</marc:subfield>
   </marc:datafield>
   <marc:datafield tag="650" ind1=" " ind2="3">
      <marc:subfield code="a">Bayesian theory</marc:subfield>
   </marc:datafield>
   <marc:datafield tag="650" ind1=" " ind2="3">
      <marc:subfield code="a">aerial photography</marc:subfield>
   </marc:datafield>
   <marc:datafield tag="650" ind1=" " ind2="3">
      <marc:subfield code="a">boreal forests</marc:subfield>
   </marc:datafield>
   <marc:datafield tag="650" ind1=" " ind2="3">
      <marc:subfield code="a">canopy</marc:subfield>
   </marc:datafield>
   <marc:datafield tag="650" ind1=" " ind2="3">
      <marc:subfield code="a">forest dynamics</marc:subfield>
   </marc:datafield>
   <marc:datafield tag="650" ind1=" " ind2="3">
      <marc:subfield code="a">landscapes</marc:subfield>
   </marc:datafield>
   <marc:datafield tag="650" ind1=" " ind2="3">
      <marc:subfield code="a">soil heterogeneity</marc:subfield>
   </marc:datafield>
   <marc:datafield tag="650" ind1=" " ind2="3">
      <marc:subfield code="a">topography</marc:subfield>
   </marc:datafield>
   <marc:datafield tag="650" ind1=" " ind2="3">
      <marc:subfield code="a">trees</marc:subfield>
   </marc:datafield>
   <marc:datafield tag="651" ind1=" " ind2="3">
      <marc:subfield code="a">Canada</marc:subfield>
   </marc:datafield>
   <marc:datafield tag="651" ind1=" " ind2="3">
      <marc:subfield code="a">Finland</marc:subfield>
   </marc:datafield>
   <marc:datafield tag="700" ind1="1" ind2=" ">
      <marc:subfield code="a">Pasanen, Leena</marc:subfield>
      <marc:subfield code="e">author</marc:subfield>
      <marc:subfield code="u">Research Unit of Mathematical Sciences, University of Oulu, P.O. Box
                8000, 90014, Oulu, Finland</marc:subfield>
   </marc:datafield>
   <marc:datafield tag="700" ind1="1" ind2=" ">
      <marc:subfield code="a">Holmström, Lasse</marc:subfield>
      <marc:subfield code="e">author</marc:subfield>
      <marc:subfield code="u">Research Unit of Mathematical Sciences, University of Oulu, P.O. Box
                8000, 90014, Oulu, Finland</marc:subfield>
   </marc:datafield>
   <marc:datafield tag="700" ind1="1" ind2=" ">
      <marc:subfield code="a">De Grandpré, Louis</marc:subfield>
      <marc:subfield code="e">author</marc:subfield>
      <marc:subfield code="u">Canadian Forest Service, Laurentian Forestry Centre, P.O. Box 3800,
                Sainte-Foy, Quebec, GIV 4C7, Canada</marc:subfield>
   </marc:datafield>
   <marc:datafield tag="700" ind1="1" ind2=" ">
      <marc:subfield code="a">Kuuluvainen, Timo</marc:subfield>
      <marc:subfield code="e">author</marc:subfield>
      <marc:subfield code="u">Department of Forest Sciences, University of Helsinki, P.O. Box 27,
                00014, Helsinki, Finland</marc:subfield>
   </marc:datafield>
   <marc:datafield tag="700" ind1="1" ind2=" ">
      <marc:subfield code="a">Aakala, Tuomas</marc:subfield>
      <marc:subfield code="e">author</marc:subfield>
      <marc:subfield code="u">Department of Forest Sciences, University of Helsinki, P.O. Box 27,
                00014, Helsinki, Finland</marc:subfield>
   </marc:datafield>
   <marc:datafield tag="773" ind1="0" ind2=" ">
      <marc:subfield code="t">Ecosystems.</marc:subfield>
      <marc:subfield code="g">2019 June, v. 22, no. 4 p.709-724</marc:subfield>
      <marc:subfield code="d">Springer US</marc:subfield>
      <marc:subfield code="w">Journal:jnl70038</marc:subfield>
      <marc:subfield code="x">1432-9840</marc:subfield>
      <marc:subfield code="7">nnas</marc:subfield>
   </marc:datafield>
   <marc:datafield tag="787" ind1="1" ind2=" ">
      <marc:subfield code="o">islandora_article_repository</marc:subfield>
   </marc:datafield>
   <marc:datafield tag="787" ind1="1" ind2=" ">
      <marc:subfield code="o">product_pubag</marc:subfield>
   </marc:datafield>
   <marc:datafield tag="787" ind1="1" ind2=" ">
      <marc:subfield code="o">(Journal)jnl70038</marc:subfield>
   </marc:datafield>
   <marc:datafield tag="856" ind1="4" ind2="0">
      <marc:subfield code="u">https://dx.doi.org/10.1007/s10021-018-0297-2</marc:subfield>
      <marc:subfield code="3">Available from publisher's site</marc:subfield>
   </marc:datafield>
   <marc:datafield tag="912" ind1=" " ind2=" ">
      <marc:subfield code="a">Article</marc:subfield>
   </marc:datafield>
   <marc:datafield tag="914" ind1=" " ind2=" ">
      <marc:subfield code="a">Journal:jnl70038</marc:subfield>
      <marc:subfield code="b">1432-9840</marc:subfield>
      <marc:subfield code="c">22</marc:subfield>
      <marc:subfield code="d">4</marc:subfield>
      <marc:subfield code="e">709</marc:subfield>
   </marc:datafield>
   <marc:datafield tag="914" ind1=" " ind2=" ">
      <marc:subfield code="f">Ecosystems</marc:subfield>
   </marc:datafield>
   <marc:datafield tag="916" ind1=" " ind2=" ">
      <marc:subfield code="a">Batch:2259</marc:subfield>
   </marc:datafield>
   <marc:datafield tag="917" ind1=" " ind2=" ">
      <marc:subfield code="a">issued</marc:subfield>
   </marc:datafield>
   <marc:datafield tag="918" ind1="2" ind2=" ">
      <marc:subfield code="a">Springer</marc:subfield>
      <marc:subfield code="e">provider</marc:subfield>
      <marc:subfield code="5">DNAL</marc:subfield>
   </marc:datafield>
   <marc:datafield tag="935" ind1=" " ind2=" ">
      <marc:subfield code="a">IND606452556</marc:subfield>
      <marc:subfield code="9">ExL</marc:subfield>
   </marc:datafield>
   <marc:datafield tag="949" ind1=" " ind2=" ">
      <marc:subfield code="a">2019-08-16</marc:subfield>
   </marc:datafield>
   <marc:datafield tag="953" ind1=" " ind2=" ">
      <marc:subfield code="a">/data/metadata/incoming/springer/ftp_PUB_19-08-16_05-34-32.zip</marc:subfield>
   </marc:datafield>
   <marc:datafield tag="954" ind1=" " ind2=" ">
      <marc:subfield code="a">file:/data/metadata/staging/springer/10021-22-4.xml</marc:subfield>
   </marc:datafield>
   <marc:datafield tag="955" ind1=" " ind2=" ">
      <marc:subfield code="a">/data/metadata/staging/springer/</marc:subfield>
   </marc:datafield>
   <marc:datafield tag="974" ind1=" " ind2=" ">
      <marc:subfield code="a">agid:6452556</marc:subfield>
   </marc:datafield>
   <marc:datafield tag="983" ind1=" " ind2=" ">
      <marc:subfield code="a">2019-08-16</marc:subfield>
   </marc:datafield>
   <marc:datafield tag="984" ind1=" " ind2=" ">
      <marc:subfield code="a">2019-08-16</marc:subfield>
   </marc:datafield>
</marc:record>