
<marc:leader xmlns:marc="http://www.loc.gov/MARC21/slim">04531nab a2200625 u 4500</marc:leader>04531nab a2200625 u 4500
        <marc:controlfield xmlns:marc="http://www.loc.gov/MARC21/slim" tag="001">9915620021407426</marc:controlfield>9915620021407426
        <marc:controlfield xmlns:marc="http://www.loc.gov/MARC21/slim" tag="005">20221118231846.0</marc:controlfield>20221118231846.0
        <marc:controlfield xmlns:marc="http://www.loc.gov/MARC21/slim" tag="008">190816e201906 xx |||||o|||||||||||eng||</marc:controlfield>190816e201906 xx |||||o|||||||||||eng||
        <marc:datafield xmlns:marc="http://www.loc.gov/MARC21/slim"
                tag="016"
                ind1="7"
                ind2=" ">
   <marc:subfield code="a">IND606452556</marc:subfield>
   <marc:subfield code="2">DNAL</marc:subfield>
</marc:datafield>
<marc:subfield xmlns:marc="http://www.loc.gov/MARC21/slim" code="a">IND606452556</marc:subfield>IND606452556
            <marc:subfield xmlns:marc="http://www.loc.gov/MARC21/slim" code="2">DNAL</marc:subfield>DNAL
        <marc:datafield xmlns:marc="http://www.loc.gov/MARC21/slim"
                tag="024"
                ind1="7"
                ind2=" ">
   <marc:subfield code="a">10.1007/s10021-018-0297-2</marc:subfield>
   <marc:subfield code="2">doi</marc:subfield>
</marc:datafield>
<marc:subfield xmlns:marc="http://www.loc.gov/MARC21/slim" code="a">10.1007/s10021-018-0297-2</marc:subfield>10.1007/s10021-018-0297-2
            <marc:subfield xmlns:marc="http://www.loc.gov/MARC21/slim" code="2">doi</marc:subfield>doi
        <marc:datafield xmlns:marc="http://www.loc.gov/MARC21/slim"
                tag="035"
                ind1=" "
                ind2=" ">
   <marc:subfield code="a">agid:6452556-01nal_inst</marc:subfield>
</marc:datafield>
<marc:subfield xmlns:marc="http://www.loc.gov/MARC21/slim" code="a">agid:6452556-01nal_inst</marc:subfield>agid:6452556-01nal_inst
        <marc:datafield xmlns:marc="http://www.loc.gov/MARC21/slim"
                tag="040"
                ind1=" "
                ind2=" ">
   <marc:subfield code="a">AGL</marc:subfield>
   <marc:subfield code="b">eng</marc:subfield>
   <marc:subfield code="c">AGL</marc:subfield>
</marc:datafield>
<marc:subfield xmlns:marc="http://www.loc.gov/MARC21/slim" code="a">AGL</marc:subfield>AGL
            <marc:subfield xmlns:marc="http://www.loc.gov/MARC21/slim" code="b">eng</marc:subfield>eng
            <marc:subfield xmlns:marc="http://www.loc.gov/MARC21/slim" code="c">AGL</marc:subfield>AGL
        <marc:datafield xmlns:marc="http://www.loc.gov/MARC21/slim"
                tag="100"
                ind1="1"
                ind2=" ">
   <marc:subfield code="a">Kulha, Niko</marc:subfield>
   <marc:subfield code="e">author</marc:subfield>
   <marc:subfield code="u">Department of Forest Sciences, University of Helsinki, P.O. Box 27,
                00014, Helsinki, Finland. niko.kulha@helsinki.fi</marc:subfield>
   <marc:subfield code="1">https://orcid.org/0000-0002-1610-9938</marc:subfield>
</marc:datafield>
<marc:subfield xmlns:marc="http://www.loc.gov/MARC21/slim" code="a">Kulha, Niko</marc:subfield>Kulha, Niko
            <marc:subfield xmlns:marc="http://www.loc.gov/MARC21/slim" code="e">author</marc:subfield>author
            <marc:subfield xmlns:marc="http://www.loc.gov/MARC21/slim" code="u">Department of Forest Sciences, University of Helsinki, P.O. Box 27,
                00014, Helsinki, Finland. niko.kulha@helsinki.fi</marc:subfield>Department of Forest Sciences, University of Helsinki, P.O. Box 27,
                00014, Helsinki, Finland. niko.kulha@helsinki.fi
            <marc:subfield xmlns:marc="http://www.loc.gov/MARC21/slim" code="1">https://orcid.org/0000-0002-1610-9938</marc:subfield>https://orcid.org/0000-0002-1610-9938
        <marc:datafield xmlns:marc="http://www.loc.gov/MARC21/slim"
                tag="245"
                ind1="1"
                ind2="0">
   <marc:subfield code="a">At What Scales and Why Does Forest Structure Vary in Naturally
                Dynamic Boreal Forests? An Analysis of Forest Landscapes on Two
                Continents</marc:subfield>
</marc:datafield>
<marc:subfield xmlns:marc="http://www.loc.gov/MARC21/slim" code="a">At What Scales and Why Does Forest Structure Vary in Naturally
                Dynamic Boreal Forests? An Analysis of Forest Landscapes on Two
                Continents</marc:subfield>At What Scales and Why Does Forest Structure Vary in Naturally
                Dynamic Boreal Forests? An Analysis of Forest Landscapes on Two
                Continents
        <marc:datafield xmlns:marc="http://www.loc.gov/MARC21/slim"
                tag="300"
                ind1=" "
                ind2=" ">
   <marc:subfield code="a">p. 709-724.</marc:subfield>
</marc:datafield>
<marc:subfield xmlns:marc="http://www.loc.gov/MARC21/slim" code="a">p. 709-724.</marc:subfield>p. 709-724.
        <marc:datafield xmlns:marc="http://www.loc.gov/MARC21/slim"
                tag="520"
                ind1=" "
                ind2=" ">
   <marc:subfield code="a">Identifying the scales of variation in forest structures and the
                underlying processes are fundamental for understanding forest dynamics. Here, we
                studied these scale-dependencies in forest structure in naturally dynamic boreal
                forests on two continents. We identified the spatial scales at which forest
                structures varied, and analyzed how the scales of variation and the underlying
                drivers differed among the regions and at particular scales. We studied three
                2 km × 2 km landscapes in northeastern Finland and two in eastern Canada. We
                estimated canopy cover in contiguous 0.1-ha cells from aerial photographs and used
                scale-derivative analysis to identify characteristic scales of variation in the
                canopy cover data. We analyzed the patterns of variation at these scales using
                Bayesian scale space analysis. We identified structural variation at three spatial
                scales in each landscape. Among landscapes, the largest scale of variation showed
                the greatest variability (20.1–321.4 ha), related to topography, soil variability,
                and long-term disturbance history. Superimposed on this large-scale variation,
                forest structure varied at similar scales (1.3–2.8 ha) in all landscapes. This
                variation correlated with recent disturbances, soil variability, and topographic
                position. We also detected intense variation at the smallest scale analyzed (0.1 ha,
                grain of our data), partly driven by recent disturbances. The distinct scales of
                variation indicated hierarchical structure in the landscapes studied. Except for the
                large-scale variation, these scales were remarkably similar among the landscapes.
                This suggests that boreal forests may display characteristic scales of variation
                that occur somewhat independent of the tree species characteristics or the
                disturbance regime.</marc:subfield>
</marc:datafield>
<marc:subfield xmlns:marc="http://www.loc.gov/MARC21/slim" code="a">Identifying the scales of variation in forest structures and the
                underlying processes are fundamental for understanding forest dynamics. Here, we
                studied these scale-dependencies in forest structure in naturally dynamic boreal
                forests on two continents. We identified the spatial scales at which forest
                structures varied, and analyzed how the scales of variation and the underlying
                drivers differed among the regions and at particular scales. We studied three
                2 km × 2 km landscapes in northeastern Finland and two in eastern Canada. We
                estimated canopy cover in contiguous 0.1-ha cells from aerial photographs and used
                scale-derivative analysis to identify characteristic scales of variation in the
                canopy cover data. We analyzed the patterns of variation at these scales using
                Bayesian scale space analysis. We identified structural variation at three spatial
                scales in each landscape. Among landscapes, the largest scale of variation showed
                the greatest variability (20.1–321.4 ha), related to topography, soil variability,
                and long-term disturbance history. Superimposed on this large-scale variation,
                forest structure varied at similar scales (1.3–2.8 ha) in all landscapes. This
                variation correlated with recent disturbances, soil variability, and topographic
                position. We also detected intense variation at the smallest scale analyzed (0.1 ha,
                grain of our data), partly driven by recent disturbances. The distinct scales of
                variation indicated hierarchical structure in the landscapes studied. Except for the
                large-scale variation, these scales were remarkably similar among the landscapes.
                This suggests that boreal forests may display characteristic scales of variation
                that occur somewhat independent of the tree species characteristics or the
                disturbance regime.</marc:subfield>Identifying the scales of variation in forest structures and the
                underlying processes are fundamental for understanding forest dynamics. Here, we
                studied these scale-dependencies in forest structure in naturally dynamic boreal
                forests on two continents. We identified the spatial scales at which forest
                structures varied, and analyzed how the scales of variation and the underlying
                drivers differed among the regions and at particular scales. We studied three
                2 km × 2 km landscapes in northeastern Finland and two in eastern Canada. We
                estimated canopy cover in contiguous 0.1-ha cells from aerial photographs and used
                scale-derivative analysis to identify characteristic scales of variation in the
                canopy cover data. We analyzed the patterns of variation at these scales using
                Bayesian scale space analysis. We identified structural variation at three spatial
                scales in each landscape. Among landscapes, the largest scale of variation showed
                the greatest variability (20.1–321.4 ha), related to topography, soil variability,
                and long-term disturbance history. Superimposed on this large-scale variation,
                forest structure varied at similar scales (1.3–2.8 ha) in all landscapes. This
                variation correlated with recent disturbances, soil variability, and topographic
                position. We also detected intense variation at the smallest scale analyzed (0.1 ha,
                grain of our data), partly driven by recent disturbances. The distinct scales of
                variation indicated hierarchical structure in the landscapes studied. Except for the
                large-scale variation, these scales were remarkably similar among the landscapes.
                This suggests that boreal forests may display characteristic scales of variation
                that occur somewhat independent of the tree species characteristics or the
                disturbance regime.
        <marc:datafield xmlns:marc="http://www.loc.gov/MARC21/slim"
                tag="592"
                ind1=" "
                ind2=" ">
   <marc:subfield code="a">Publisher supplied data</marc:subfield>
</marc:datafield>
<marc:subfield xmlns:marc="http://www.loc.gov/MARC21/slim" code="a">Publisher supplied data</marc:subfield>Publisher supplied data
        <marc:datafield xmlns:marc="http://www.loc.gov/MARC21/slim"
                tag="593"
                ind1=" "
                ind2=" ">
   <marc:subfield code="a">PubAg article</marc:subfield>
</marc:datafield>
<marc:subfield xmlns:marc="http://www.loc.gov/MARC21/slim" code="a">PubAg article</marc:subfield>PubAg article
        <marc:datafield xmlns:marc="http://www.loc.gov/MARC21/slim"
                tag="596"
                ind1=" "
                ind2=" ">
   <marc:subfield code="a">252629</marc:subfield>
   <marc:subfield code="c">Suomen Akatemia</marc:subfield>
</marc:datafield>
<marc:subfield xmlns:marc="http://www.loc.gov/MARC21/slim" code="a">252629</marc:subfield>252629
            <marc:subfield xmlns:marc="http://www.loc.gov/MARC21/slim" code="c">Suomen Akatemia</marc:subfield>Suomen Akatemia
        <marc:datafield xmlns:marc="http://www.loc.gov/MARC21/slim"
                tag="596"
                ind1=" "
                ind2=" ">
   <marc:subfield code="a">276022</marc:subfield>
   <marc:subfield code="c">Suomen Akatemia</marc:subfield>
</marc:datafield>
<marc:subfield xmlns:marc="http://www.loc.gov/MARC21/slim" code="a">276022</marc:subfield>276022
            <marc:subfield xmlns:marc="http://www.loc.gov/MARC21/slim" code="c">Suomen Akatemia</marc:subfield>Suomen Akatemia
        <marc:datafield xmlns:marc="http://www.loc.gov/MARC21/slim"
                tag="650"
                ind1=" "
                ind2="3">
   <marc:subfield code="a">Bayesian theory</marc:subfield>
</marc:datafield>
<marc:subfield xmlns:marc="http://www.loc.gov/MARC21/slim" code="a">Bayesian theory</marc:subfield>Bayesian theory
        <marc:datafield xmlns:marc="http://www.loc.gov/MARC21/slim"
                tag="650"
                ind1=" "
                ind2="3">
   <marc:subfield code="a">aerial photography</marc:subfield>
</marc:datafield>
<marc:subfield xmlns:marc="http://www.loc.gov/MARC21/slim" code="a">aerial photography</marc:subfield>aerial photography
        <marc:datafield xmlns:marc="http://www.loc.gov/MARC21/slim"
                tag="650"
                ind1=" "
                ind2="3">
   <marc:subfield code="a">boreal forests</marc:subfield>
</marc:datafield>
<marc:subfield xmlns:marc="http://www.loc.gov/MARC21/slim" code="a">boreal forests</marc:subfield>boreal forests
        <marc:datafield xmlns:marc="http://www.loc.gov/MARC21/slim"
                tag="650"
                ind1=" "
                ind2="3">
   <marc:subfield code="a">canopy</marc:subfield>
</marc:datafield>
<marc:subfield xmlns:marc="http://www.loc.gov/MARC21/slim" code="a">canopy</marc:subfield>canopy
        <marc:datafield xmlns:marc="http://www.loc.gov/MARC21/slim"
                tag="650"
                ind1=" "
                ind2="3">
   <marc:subfield code="a">forest dynamics</marc:subfield>
</marc:datafield>
<marc:subfield xmlns:marc="http://www.loc.gov/MARC21/slim" code="a">forest dynamics</marc:subfield>forest dynamics
        <marc:datafield xmlns:marc="http://www.loc.gov/MARC21/slim"
                tag="650"
                ind1=" "
                ind2="3">
   <marc:subfield code="a">landscapes</marc:subfield>
</marc:datafield>
<marc:subfield xmlns:marc="http://www.loc.gov/MARC21/slim" code="a">landscapes</marc:subfield>landscapes
        <marc:datafield xmlns:marc="http://www.loc.gov/MARC21/slim"
                tag="650"
                ind1=" "
                ind2="3">
   <marc:subfield code="a">soil heterogeneity</marc:subfield>
</marc:datafield>
<marc:subfield xmlns:marc="http://www.loc.gov/MARC21/slim" code="a">soil heterogeneity</marc:subfield>soil heterogeneity
        <marc:datafield xmlns:marc="http://www.loc.gov/MARC21/slim"
                tag="650"
                ind1=" "
                ind2="3">
   <marc:subfield code="a">topography</marc:subfield>
</marc:datafield>
<marc:subfield xmlns:marc="http://www.loc.gov/MARC21/slim" code="a">topography</marc:subfield>topography
        <marc:datafield xmlns:marc="http://www.loc.gov/MARC21/slim"
                tag="650"
                ind1=" "
                ind2="3">
   <marc:subfield code="a">trees</marc:subfield>
</marc:datafield>
<marc:subfield xmlns:marc="http://www.loc.gov/MARC21/slim" code="a">trees</marc:subfield>trees
        <marc:datafield xmlns:marc="http://www.loc.gov/MARC21/slim"
                tag="651"
                ind1=" "
                ind2="3">
   <marc:subfield code="a">Canada</marc:subfield>
</marc:datafield>
<marc:subfield xmlns:marc="http://www.loc.gov/MARC21/slim" code="a">Canada</marc:subfield>Canada
        <marc:datafield xmlns:marc="http://www.loc.gov/MARC21/slim"
                tag="651"
                ind1=" "
                ind2="3">
   <marc:subfield code="a">Finland</marc:subfield>
</marc:datafield>
<marc:subfield xmlns:marc="http://www.loc.gov/MARC21/slim" code="a">Finland</marc:subfield>Finland
        <marc:datafield xmlns:marc="http://www.loc.gov/MARC21/slim"
                tag="700"
                ind1="1"
                ind2=" ">
   <marc:subfield code="a">Pasanen, Leena</marc:subfield>
   <marc:subfield code="e">author</marc:subfield>
   <marc:subfield code="u">Research Unit of Mathematical Sciences, University of Oulu, P.O. Box
                8000, 90014, Oulu, Finland</marc:subfield>
</marc:datafield>
<marc:subfield xmlns:marc="http://www.loc.gov/MARC21/slim" code="a">Pasanen, Leena</marc:subfield>Pasanen, Leena
            <marc:subfield xmlns:marc="http://www.loc.gov/MARC21/slim" code="e">author</marc:subfield>author
            <marc:subfield xmlns:marc="http://www.loc.gov/MARC21/slim" code="u">Research Unit of Mathematical Sciences, University of Oulu, P.O. Box
                8000, 90014, Oulu, Finland</marc:subfield>Research Unit of Mathematical Sciences, University of Oulu, P.O. Box
                8000, 90014, Oulu, Finland
        <marc:datafield xmlns:marc="http://www.loc.gov/MARC21/slim"
                tag="700"
                ind1="1"
                ind2=" ">
   <marc:subfield code="a">Holmström, Lasse</marc:subfield>
   <marc:subfield code="e">author</marc:subfield>
   <marc:subfield code="u">Research Unit of Mathematical Sciences, University of Oulu, P.O. Box
                8000, 90014, Oulu, Finland</marc:subfield>
</marc:datafield>
<marc:subfield xmlns:marc="http://www.loc.gov/MARC21/slim" code="a">Holmström, Lasse</marc:subfield>Holmström, Lasse
            <marc:subfield xmlns:marc="http://www.loc.gov/MARC21/slim" code="e">author</marc:subfield>author
            <marc:subfield xmlns:marc="http://www.loc.gov/MARC21/slim" code="u">Research Unit of Mathematical Sciences, University of Oulu, P.O. Box
                8000, 90014, Oulu, Finland</marc:subfield>Research Unit of Mathematical Sciences, University of Oulu, P.O. Box
                8000, 90014, Oulu, Finland
        <marc:datafield xmlns:marc="http://www.loc.gov/MARC21/slim"
                tag="700"
                ind1="1"
                ind2=" ">
   <marc:subfield code="a">De Grandpré, Louis</marc:subfield>
   <marc:subfield code="e">author</marc:subfield>
   <marc:subfield code="u">Canadian Forest Service, Laurentian Forestry Centre, P.O. Box 3800,
                Sainte-Foy, Quebec, GIV 4C7, Canada</marc:subfield>
</marc:datafield>
<marc:subfield xmlns:marc="http://www.loc.gov/MARC21/slim" code="a">De Grandpré, Louis</marc:subfield>De Grandpré, Louis
            <marc:subfield xmlns:marc="http://www.loc.gov/MARC21/slim" code="e">author</marc:subfield>author
            <marc:subfield xmlns:marc="http://www.loc.gov/MARC21/slim" code="u">Canadian Forest Service, Laurentian Forestry Centre, P.O. Box 3800,
                Sainte-Foy, Quebec, GIV 4C7, Canada</marc:subfield>Canadian Forest Service, Laurentian Forestry Centre, P.O. Box 3800,
                Sainte-Foy, Quebec, GIV 4C7, Canada
        <marc:datafield xmlns:marc="http://www.loc.gov/MARC21/slim"
                tag="700"
                ind1="1"
                ind2=" ">
   <marc:subfield code="a">Kuuluvainen, Timo</marc:subfield>
   <marc:subfield code="e">author</marc:subfield>
   <marc:subfield code="u">Department of Forest Sciences, University of Helsinki, P.O. Box 27,
                00014, Helsinki, Finland</marc:subfield>
</marc:datafield>
<marc:subfield xmlns:marc="http://www.loc.gov/MARC21/slim" code="a">Kuuluvainen, Timo</marc:subfield>Kuuluvainen, Timo
            <marc:subfield xmlns:marc="http://www.loc.gov/MARC21/slim" code="e">author</marc:subfield>author
            <marc:subfield xmlns:marc="http://www.loc.gov/MARC21/slim" code="u">Department of Forest Sciences, University of Helsinki, P.O. Box 27,
                00014, Helsinki, Finland</marc:subfield>Department of Forest Sciences, University of Helsinki, P.O. Box 27,
                00014, Helsinki, Finland
        <marc:datafield xmlns:marc="http://www.loc.gov/MARC21/slim"
                tag="700"
                ind1="1"
                ind2=" ">
   <marc:subfield code="a">Aakala, Tuomas</marc:subfield>
   <marc:subfield code="e">author</marc:subfield>
   <marc:subfield code="u">Department of Forest Sciences, University of Helsinki, P.O. Box 27,
                00014, Helsinki, Finland</marc:subfield>
</marc:datafield>
<marc:subfield xmlns:marc="http://www.loc.gov/MARC21/slim" code="a">Aakala, Tuomas</marc:subfield>Aakala, Tuomas
            <marc:subfield xmlns:marc="http://www.loc.gov/MARC21/slim" code="e">author</marc:subfield>author
            <marc:subfield xmlns:marc="http://www.loc.gov/MARC21/slim" code="u">Department of Forest Sciences, University of Helsinki, P.O. Box 27,
                00014, Helsinki, Finland</marc:subfield>Department of Forest Sciences, University of Helsinki, P.O. Box 27,
                00014, Helsinki, Finland
        <marc:datafield xmlns:marc="http://www.loc.gov/MARC21/slim"
                tag="773"
                ind1="0"
                ind2=" ">
   <marc:subfield code="t">Ecosystems.</marc:subfield>
   <marc:subfield code="g">2019 June, v. 22, no. 4 p.709-724</marc:subfield>
   <marc:subfield code="d">Springer US</marc:subfield>
   <marc:subfield code="w">Journal:jnl70038</marc:subfield>
   <marc:subfield code="x">1432-9840</marc:subfield>
   <marc:subfield code="7">nnas</marc:subfield>
</marc:datafield>
<marc:subfield xmlns:marc="http://www.loc.gov/MARC21/slim" code="t">Ecosystems.</marc:subfield>Ecosystems.
            <marc:subfield xmlns:marc="http://www.loc.gov/MARC21/slim" code="g">2019 June, v. 22, no. 4 p.709-724</marc:subfield>2019 June, v. 22, no. 4 p.709-724
            <marc:subfield xmlns:marc="http://www.loc.gov/MARC21/slim" code="d">Springer US</marc:subfield>Springer US
            <marc:subfield xmlns:marc="http://www.loc.gov/MARC21/slim" code="w">Journal:jnl70038</marc:subfield>Journal:jnl70038
            <marc:subfield xmlns:marc="http://www.loc.gov/MARC21/slim" code="x">1432-9840</marc:subfield>1432-9840
            <marc:subfield xmlns:marc="http://www.loc.gov/MARC21/slim" code="7">nnas</marc:subfield>nnas
        <marc:datafield xmlns:marc="http://www.loc.gov/MARC21/slim"
                tag="787"
                ind1="1"
                ind2=" ">
   <marc:subfield code="o">islandora_article_repository</marc:subfield>
</marc:datafield>
<marc:subfield xmlns:marc="http://www.loc.gov/MARC21/slim" code="o">islandora_article_repository</marc:subfield>islandora_article_repository
        <marc:datafield xmlns:marc="http://www.loc.gov/MARC21/slim"
                tag="787"
                ind1="1"
                ind2=" ">
   <marc:subfield code="o">product_pubag</marc:subfield>
</marc:datafield>
<marc:subfield xmlns:marc="http://www.loc.gov/MARC21/slim" code="o">product_pubag</marc:subfield>product_pubag
        <marc:datafield xmlns:marc="http://www.loc.gov/MARC21/slim"
                tag="787"
                ind1="1"
                ind2=" ">
   <marc:subfield code="o">(Journal)jnl70038</marc:subfield>
</marc:datafield>
<marc:subfield xmlns:marc="http://www.loc.gov/MARC21/slim" code="o">(Journal)jnl70038</marc:subfield>(Journal)jnl70038
        <marc:datafield xmlns:marc="http://www.loc.gov/MARC21/slim"
                tag="856"
                ind1="4"
                ind2="0">
   <marc:subfield code="u">https://dx.doi.org/10.1007/s10021-018-0297-2</marc:subfield>
   <marc:subfield code="3">Available from publisher's site</marc:subfield>
</marc:datafield>
<marc:subfield xmlns:marc="http://www.loc.gov/MARC21/slim" code="u">https://dx.doi.org/10.1007/s10021-018-0297-2</marc:subfield>https://dx.doi.org/10.1007/s10021-018-0297-2
            <marc:subfield xmlns:marc="http://www.loc.gov/MARC21/slim" code="3">Available from publisher's site</marc:subfield>Available from publisher's site
        <marc:datafield xmlns:marc="http://www.loc.gov/MARC21/slim"
                tag="912"
                ind1=" "
                ind2=" ">
   <marc:subfield code="a">Article</marc:subfield>
</marc:datafield>
<marc:subfield xmlns:marc="http://www.loc.gov/MARC21/slim" code="a">Article</marc:subfield>Article
        <marc:datafield xmlns:marc="http://www.loc.gov/MARC21/slim"
                tag="914"
                ind1=" "
                ind2=" ">
   <marc:subfield code="a">Journal:jnl70038</marc:subfield>
   <marc:subfield code="b">1432-9840</marc:subfield>
   <marc:subfield code="c">22</marc:subfield>
   <marc:subfield code="d">4</marc:subfield>
   <marc:subfield code="e">709</marc:subfield>
</marc:datafield>
<marc:subfield xmlns:marc="http://www.loc.gov/MARC21/slim" code="a">Journal:jnl70038</marc:subfield>Journal:jnl70038
            <marc:subfield xmlns:marc="http://www.loc.gov/MARC21/slim" code="b">1432-9840</marc:subfield>1432-9840
            <marc:subfield xmlns:marc="http://www.loc.gov/MARC21/slim" code="c">22</marc:subfield>22
            <marc:subfield xmlns:marc="http://www.loc.gov/MARC21/slim" code="d">4</marc:subfield>4
            <marc:subfield xmlns:marc="http://www.loc.gov/MARC21/slim" code="e">709</marc:subfield>709
        <marc:datafield xmlns:marc="http://www.loc.gov/MARC21/slim"
                tag="914"
                ind1=" "
                ind2=" ">
   <marc:subfield code="f">Ecosystems</marc:subfield>
</marc:datafield>
<marc:subfield xmlns:marc="http://www.loc.gov/MARC21/slim" code="f">Ecosystems</marc:subfield>Ecosystems
        <marc:datafield xmlns:marc="http://www.loc.gov/MARC21/slim"
                tag="916"
                ind1=" "
                ind2=" ">
   <marc:subfield code="a">Batch:2259</marc:subfield>
</marc:datafield>
<marc:subfield xmlns:marc="http://www.loc.gov/MARC21/slim" code="a">Batch:2259</marc:subfield>Batch:2259
        <marc:datafield xmlns:marc="http://www.loc.gov/MARC21/slim"
                tag="917"
                ind1=" "
                ind2=" ">
   <marc:subfield code="a">issued</marc:subfield>
</marc:datafield>
<marc:subfield xmlns:marc="http://www.loc.gov/MARC21/slim" code="a">issued</marc:subfield>issued
        <marc:datafield xmlns:marc="http://www.loc.gov/MARC21/slim"
                tag="918"
                ind1="2"
                ind2=" ">
   <marc:subfield code="a">Springer</marc:subfield>
   <marc:subfield code="e">provider</marc:subfield>
   <marc:subfield code="5">DNAL</marc:subfield>
</marc:datafield>
<marc:subfield xmlns:marc="http://www.loc.gov/MARC21/slim" code="a">Springer</marc:subfield>Springer
            <marc:subfield xmlns:marc="http://www.loc.gov/MARC21/slim" code="e">provider</marc:subfield>provider
            <marc:subfield xmlns:marc="http://www.loc.gov/MARC21/slim" code="5">DNAL</marc:subfield>DNAL
        <marc:datafield xmlns:marc="http://www.loc.gov/MARC21/slim"
                tag="935"
                ind1=" "
                ind2=" ">
   <marc:subfield code="a">IND606452556</marc:subfield>
   <marc:subfield code="9">ExL</marc:subfield>
</marc:datafield>
<marc:subfield xmlns:marc="http://www.loc.gov/MARC21/slim" code="a">IND606452556</marc:subfield>IND606452556
            <marc:subfield xmlns:marc="http://www.loc.gov/MARC21/slim" code="9">ExL</marc:subfield>ExL
        <marc:datafield xmlns:marc="http://www.loc.gov/MARC21/slim"
                tag="949"
                ind1=" "
                ind2=" ">
   <marc:subfield code="a">2019-08-16</marc:subfield>
</marc:datafield>
<marc:subfield xmlns:marc="http://www.loc.gov/MARC21/slim" code="a">2019-08-16</marc:subfield>2019-08-16
        <marc:datafield xmlns:marc="http://www.loc.gov/MARC21/slim"
                tag="953"
                ind1=" "
                ind2=" ">
   <marc:subfield code="a">/data/metadata/incoming/springer/ftp_PUB_19-08-16_05-34-32.zip</marc:subfield>
</marc:datafield>
<marc:subfield xmlns:marc="http://www.loc.gov/MARC21/slim" code="a">/data/metadata/incoming/springer/ftp_PUB_19-08-16_05-34-32.zip</marc:subfield>/data/metadata/incoming/springer/ftp_PUB_19-08-16_05-34-32.zip
        <marc:datafield xmlns:marc="http://www.loc.gov/MARC21/slim"
                tag="954"
                ind1=" "
                ind2=" ">
   <marc:subfield code="a">file:/data/metadata/staging/springer/10021-22-4.xml</marc:subfield>
</marc:datafield>
<marc:subfield xmlns:marc="http://www.loc.gov/MARC21/slim" code="a">file:/data/metadata/staging/springer/10021-22-4.xml</marc:subfield>file:/data/metadata/staging/springer/10021-22-4.xml
        <marc:datafield xmlns:marc="http://www.loc.gov/MARC21/slim"
                tag="955"
                ind1=" "
                ind2=" ">
   <marc:subfield code="a">/data/metadata/staging/springer/</marc:subfield>
</marc:datafield>
<marc:subfield xmlns:marc="http://www.loc.gov/MARC21/slim" code="a">/data/metadata/staging/springer/</marc:subfield>/data/metadata/staging/springer/
        <marc:datafield xmlns:marc="http://www.loc.gov/MARC21/slim"
                tag="974"
                ind1=" "
                ind2=" ">
   <marc:subfield code="a">agid:6452556</marc:subfield>
</marc:datafield>
<marc:subfield xmlns:marc="http://www.loc.gov/MARC21/slim" code="a">agid:6452556</marc:subfield>agid:6452556
        <marc:datafield xmlns:marc="http://www.loc.gov/MARC21/slim"
                tag="983"
                ind1=" "
                ind2=" ">
   <marc:subfield code="a">2019-08-16</marc:subfield>
</marc:datafield>
<marc:subfield xmlns:marc="http://www.loc.gov/MARC21/slim" code="a">2019-08-16</marc:subfield>2019-08-16
        <marc:datafield xmlns:marc="http://www.loc.gov/MARC21/slim"
                tag="984"
                ind1=" "
                ind2=" ">
   <marc:subfield code="a">2019-08-16</marc:subfield>
</marc:datafield>
<marc:subfield xmlns:marc="http://www.loc.gov/MARC21/slim" code="a">2019-08-16</marc:subfield>2019-08-16